2956 3854
1195 258 1461 354 ‘307'

243 459 408 510 multi
433 466 611 506 noster
631 474 798 506 sermo
816 456 1062 504 momenti
1086 464 1178 503 est.
1253 455 1476 518 Cumqve
1495 454 1691 500 Snorro
1722 451 2054 515 intelligeret,
2092 451 2285 510 omnia,
2321 467 2428 516 qvae

249 550 362 595 illis
383 549 609 595 inessent
621 548 815 606 animo,
828 565 915 593 eos
927 551 1086 593 semet
1096 546 1271 593 celare
1284 545 1432 594 vetlej
1454 544 1566 606 ipse
1589 553 1762 589 tamen
1777 543 2141 606 suspicaretur
2166 560 2250 588 eos
2268 559 2426 588 max-

248 638 347 684 ime
367 638 435 684 de.
456 637 559 683 tali
580 638 813 700 reloqvi,
838 652 947 700 qvae
968 635 1016 681 si
1023 635 1268 698 perfecta
1295 633 1699 680 essetmaximas
1719 634 1965 678 allatura
1984 632 2423 691 foretmolestias,

248 728 327 773 ita
361 727 486 772 illos
506 724 728 788 affatus
762 734 875 772 est:
940 725 1063 771 Jam
1094 725 1297 788 qvidem
1329 740 1420 787 ego
1452 719 1724 788 suspicor,
1772 738 1864 768 nec
1893 739 2063 784 nugas
2090 739 2181 769 nec
2217 723 2427 769 ludicra

248 816 435 863 vestris
458 815 779 862 sermonibus
796 815 1106 878 plerumque
1140 815 1372 877 agitari,
1421 830 1513 860 nec
1551 830 1642 876 ego
1678 813 1982 859 mirandum
2018 813 2281 872 existimo,
2330 812 2427 858 etsi

175 921 179 929 ·
250 905 330 951 ita
339 903 462 966 fiat.
496 913 500 917 ‘
532 905 656 950 Jam
687 921 807 952 vero
831 904 1015 951 liac‘in
1047 920 1107 950 re
1124 904 1255 951 milii
1276 903 1679 966 obtemperatis,
1708 919 1771 949 ne
1790 906 1872 949 me
1901 903 2077 949 celetis
2109 903 2267 948 istam
2302 918 2426 957 rem,

250 1009 374 1040 nam
396 993 631 1039 omnibus
650 994 810 1039 simul
827 994 997 1039 tutior
1029 993 1176 1039 nohis
1197 994 1304 1039 erit
1320 995 1569 1056 ’ejusdem'
1585 993 1938 1052 consultati07·
1975 1008 2254 1054 *nunqvam
2290 992 2428 1037 enim

250 1098 343 1146 ego
365 1083 708 1145 adversabor,
749 1100 812 1129 ne
822 1081 1138 1144 perficiatur
1175 1081 1257 1141 id,
1306 1098 1398 1144 qvo
1427 1081 1571 1128 vobis
1590 1083 1778 1143 augeri
1793 1082 1971 1143 possit
1988 1081 2187 1142 gloria.
2266 1081 2428 1128 Visus

255 1172 532 1220 Thorleiko
553 1173 750 1218 Snorro
775 1171 935 1216 istam
962 1186 1181 1215 causam
1211 1169 1609 1232 beneaggredi3
1659 1171 1736 1216 ita
1750 1171 1946 1233 paucis
1951 1169 2292 1233 propositum
2326 1170 2424 1214 do·-

247 1262 358 1309 cuit
383 1262 650 1321 fratrum:
685 1276 772 1306 eos
798 1276 985 1322 nempe
1005 1257 1155 1316 velle,
1197 1260 1355 1307 Olav'i
1361 1259 1513 1321 filios
1538 1260 1774 1316 adoriri,
1815 1261 1984 1323 eisqve
2017 1261 2197 1322 iniqva
2231 1257 2426 1324 afferre

246 1351 596 1410 conditione-233
653 1366 745 1396 nec
775 1349 880 1395 sibi
896 1351 1019 1411 jam
1049 1350 1154 1397 vim
1181 1351 1378 1407 deesse,
1427 1367 1491 1396 ne
1514 1349 1581 1395 ab
1614 1350 1768 1414 Olavi
1785 1349 1928 1410 filiis
1953 1366 2150 1416 oeqvum
2173 1351 2268 1414 jus
2297 1349 2424 1394 adi—

241 1441 711 1504 piscantur-,qaum
737 1440 784 1486 T
779 1439 1045 1489 horleikus
1068 1439 1210 1506 regis
1225 1438 1325 1484 Οἷα
1335 1439 1384 1485 vi
1402 1448 1539 1485 esset
1564 1440 1814 1485 addictus
1840 1440 2068 1498 satelles‘,
2091 1439 2304 1486 Bollius
2319 1455 2423 1484 au-

246 1539 348 1578 tem
374 1529 517 1577 tanti
540 1530 829 1592 principis,
860 1529 1034 1591 qualis
1060 1537 1198 1574 esset
1218 1528 1434 1587 Snorro,
1453 1529 1770 1591 affinitatem
1785 1528 2087 1575 obtinuerit.
2119 1530 2318 1575 Snorro
2345 1529 2422 1574 ita

244 1621 359 1678 fere
370 1620 669 1685 respondit:
689 1622 884 1682 magno
896 1618 1209 1665 saneBollii
1228 1620 1395 1664 coedes
1408 1619 1633 1681 expiata
1643 1629 1740 1677 est,
1764 1618 1976 1665 sublato
1995 1620 2207 1682 Helgi0‚
2225 1619 2422 1664 Hard-

249 1711 388 1759 beini
399 1709 524 1771 filio
544 1706 598 1755 ὃς
620 1708 801 1755 nimiae
823 1708 1031 1772 qvidem
1044 1715 1211 1754 antea
1229 1716 1430 1754 mutuce
1450 1709 1628 1754 clades
1657 1709 1832 1755 illatae
1852 1718 1990 1768 sunt,
2023 1709 2071 1754 si
2072 1710 2193 1773 jam
2209 1709 2425 1771 deniqve

247 1816 430 1850 earum
437 1799 548 1860 fiat
555 1798 703 1860 finis.
759 1797 976 1845 Bollius
995 1806 1124 1844 tunc
1147 1798 1454 1859 respondit:
1489 1798 1610 1861 qvid
1636 1798 1750 1857 hoc,
1776 1799 2013 1844 Snorro!
2045 1798 2125 1845 rei
2157 1796 2270 1844 est?
2302 1813 2425 1843 num

248 1891 371 1955 qvid
403 1889 576 1936 minus
610 1889 732 1952 jam
753 1888 858 1934 eris
889 1889 1072 1934 alacer
1110 1889 1165 1933 in
1193 1888 1402 1934 auxilio
1421 1888 1669 1947 ferendo,
1716 1897 1873 1951 atqve
1886 1889 2080 1952 paullo
2103 1897 2265 1934 antea
2285 1904 2424 1950 pro-

246 1979 440 2027 misisti
453 1965 493 2024 P‘
546 1978 718 2024 Haud
737 1994 869 2023 sane
898 1978 944 2023 T
940 1977 1207 2023 horleikus
1232 1977 1332 2023 tibi
1349 1978 1508 2023 istam
1530 1993 1640 2024 rem
1664 1979 1947 2034 retulisset,
1981 1979 2030 2024 si
2049 1995 2160 2024 meo
2183 1976 2309 2023 usus
2319 1977 2426 2036 su—

250 2069 378 2116 isset
404 2067 639 2114 consilio.
706 2068 764 2113 Si
792 2082 911 2114 vero
922 2066 1112 2129 Helgii
1135 2069 1274 2113 coede
1292 2066 1464 2113 Bollii
1487 2068 1760 2129 expiatam
1785 2073 1955 2114 censes
1964 2085 1983 2128 ,·
2021 2069 2076 2112 id
2097 2084 2226 2112 sane
2243 2075 2424 2112 notum

250 2156 487 2207 omnibus
508 2164 609 2216 est,
648 2155 834 2218 Helgii
852 2154 1085 2218 pecunid
1120 2173 1226 2202 esse
1252 2157 1581 2215 restitutam,
1625 2158 1807 2219 patris
1831 2166 2010 2204 autem
2031 2173 2150 2203 non.
2226 2158 2425 2215 Qvum-

250 2265 340 2314 qve
365 2249 563 2295 Snorro
588 2246 931 2308 intelligeret,
966 2262 1019 2291 se
1045 2246 1167 2292 illos
1188 2246 1468 2292 dehortari
1491 2246 1724 2310 neqvire,
1770 2247 2252 2293 reconciliationem
2287 2247 2425 2291 inter

249 2355 335 2387 eos
355 2354 419 2385 ac
445 2336 602 2385 Olavi
621 2334 764 2397 filios
788 2350 1017 2399 qvaerere
1030 2335 1259 2398 paravit
1267 2336 1449 2397 potius
1462 2352 1615 2399 qvam
1638 2338 1806 2387 caedes
1834 2346 2213 2385 renovarentur
2221 2354 2239 2397 ,-
2292 2337 2426 2400 qvod

243 2430 448 2495 ‘quidem
463 2427 681 2488 fratres
714 2433 1046 2489 acceperunt.
1136 2426 1334 2472 Snorro
1368 2426 1554 2472 deinde
1587 2427 2043 2489 Iijardarlzoltum
2074 2445 2187 2474 cum
2221 2426 2426 2488 aliqvot

244 2519 523 2584 profectus
536 2525 628 2563 est.
681 2516 963 2564 Halclorus
977 2531 1092 2561 eum
1107 2514 1327 2578 benigne
1339 2517 1541 2577 excepit
1556 2519 1871 2580 rogavitqve,
1886 2527 1945 2564 ut
1958 2519 2028 2564 ibi
2046 2517 2426 2579 hospitaretur.

249 2611 446 2658 Snorro
469 2624 523 2654 se
541 2607 750 2653 domum
764 2605 1057 2652 rediturum
1079 2605 1394 2667 affirmavit5
1414 2606 1546 2651 milii
1563 2616 1753 2663 autem,
1776 2608 1954 2670 inqvit‚
1979 2608 2160 2671 magni
2181 2606 2425 2653 momenti

250 2707 416 2749 tecum
435 2678 702 2760 negotium
719 2703 817 2742 est.
887 2696 1021 2742 Inde
1046 2710 1212 2742 sermo
1246 2695 1313 2741 iis
1345 2704 1506 2742 natus
1530 2694 1581 2743 8<
1612 2698 1811 2745 Snorro
1842 2698 2044 2762 qvidem
2079 2697 2295 2760 aperuit
2327 2710 2423 2740 sua

250 2787 491 2852 negotia:
526 2803 579 2833 se
601 2787 804 2850 qvidem
832 2785 1147 2848 comperisse
1161 2786 1399 2834 Bollium
1429 2802 1495 2832 ac
1523 2786 1854 2834 Thorleikum
1882 2788 2031 2842 haud
2050 2787 2286 2850 amplius
2294 2792 2425 2851 fore

251 2886 538 2936 contentos,
559 2877 666 2923 nisi
693 2876 849 2924 olavi
867 2875 982 2937 filii
1000 2876 1173 2923 Bollii
1191 2875 1377 2937 patris
1395 2875 1678 2938 expiarent
1695 2879 1900 2924 caedem.
1954 2878 2067 2939 Ego
2086 2892 2221 2932 vero,
2246 2877 2424 2942 inquit,

250 2968 523 3032 adqvirere
542 2964 684 3012 vobis
706 2966 849 3013 volui
867 2966 1137 3029 gratiam,
1173 2966 1219 3011 si
1226 2965 1380 3026 forte
1401 2973 1632 3012 vestrum
1658 2976 1999 3029 cognatorum
2018 2965 2176 3026 finiri
2209 2979 2427 3030 possent

252 3039 444 3104 clades.
523 3054 807 3102 Haldorus
846 3054 932 3101 liis
965 3071 1070 3102 non
1092 3056 1409 3104 adversatus
1447 3055 1529 3100 ita
1561 3057 1858 3117 respondit:
1903 3056 2025 3101 bene
2059 3055 2191 3101 milii
2223 3059 2424 3119 qvidem

255 3149 575 3209 compertum
600 3152 691 3204 est,
721 3145 1071 3207 Thorgilwm,
1106 3143 1503 3206 Halloefilium,
1529 3160 1596 3189 ac
1615 3143 1945 3205 Bolliifilios
1974 3145 2223 3192 statuisse
2243 3159 2426 3195 memet

254 3245 351 3282 aut
376 3236 583 3296 fratres
618 3251 756 3281 meos
781 3235 1027 3297 aggredi,
1075 3242 1349 3300 antequam
1392 3243 1447 3280 tu
1482 3234 1593 3280 illis
1622 3245 1942 3282 converteres
1969 3236 2283 3297 vindictam,
2330 3256 2425 3302 qvo

2010 3327 2054 3385 Q
2081 3344 2110 3387 q
2137 3340 2161 3369 2
