2956 3854
1285 241 1410 297 107

415 542 418 545 ·
467 536 491 547 ’·
523 503 822 574 Mentori-'oe
846 522 1103 571 traditum
1125 530 1226 569 est:
1260 516 1490 569 Ola‘vum
1509 520 1692 583 aliqva
1715 520 1814 578 die,
1838 520 1953 566 cum
1977 519 2429 569 hominesssadRu-

175 650 186 655 „
251 632 376 681 pem
422 615 752 665 Judic'ioru‘m
805 612 1120 676 congregati,
1160 620 1352 671 essent,
1400 633 1402 635 ·
1435 609 1750 669 surrexisse,
1806 610 2180 673 postulatoqve
2220 611 2432 658 silentio

253 705 920 769 primumspatrisvmortem
938 717 1262 754 memorasse.
1292 740 1295 741 γ
1331 699 1498 752 Multi
1519 698 1633 758 hic,
1667 698 1857 763 inquit,
1889 700 2092 759 'adsunt
2116 700 2262 745 illius
2275 699 2434 745 amici

257 800 411 857 atqve
429 777 665 854 cognati3
696 791 810 851 jam
827 790 1067 851 fratrum
1092 806 1318 837 meorum
1341 788 1453 849 lzaec
1476 789 1724 835 voluntas
1745 797 1822 834 est
1831 805 1850 849 ,-
1887 797 1946 834 ut
1963 790 2037 834 acl
2052 796 2286 850 paterna
2318 804 2429 851 pa·-

256 871 489 927 rentalia
507 880 720 928 invitem
736 897 906 926 omnes
921 862 1078 936 viros,
1093 880 1178 943 qvi
1188 863 1862 940 pontificatibuspraesunt5
1874 893 1990 924 reor
2009 877 2143 922 enim
2152 864 2432 938 plerosque

257 968 569 1031 insigniores
601 969 743 1017 viros
780 970 865 1015 illi
897 969 1228 1030 aliqvantum
1253 967 1552 1029 conjunctos
1564 966 1751 1026 fuisse.
1825 966 2104 1027 Sciantqve
2126 965 2221 1010 hoc
2244 979 2432 1025 omneS,

256 1058 461 1104 nullum
497 1057 716 1120 majoris
750 1053 1155 1102 existimationis
1194 1054 1389 1112 virum,
1424 1054 1534 1100 sine
1554 1069 1764 1100 munere
1784 1054 2054 1099 dimissum
2061 1052 2204 1112 sore.
2275 1053 2435 1098 Prae-

257 1155 398 1193 terea
421 1145 580 1190 etiam
602 1145 811 1190 colonos
831 1142 883 1189 δε
905 1143 1174 1206 qvemlibet
1197 1142 1381 1203 alium,
1400 1141 1488 1204 qvi
1510 1141 1874 1188 invitationem
1896 1149 2133 1188 nostram
2157 1147 2434 1202 acceptare

257 1234 387 1288 vult,
401 1233 613 1279 divitem
620 1233 835 1296 pariter
846 1248 910 1277 ac
934 1232 1156 1294 inopem,
1183 1230 1485 1289 invitamus,
1511 1238 1570 1274 ut
1585 1231 1660 1276 ad
1681 1228 2072 1293 qvatuordecim
2086 1229 2286 1282 dierum
2302 1246 2430 1276 con-

255 1309 452 1371 bivium
485 1304 914 1369 Hoskuldstaclos
945 1320 1125 1368 veniat
1135 1353 1151 1376 ,
1195 1320 1255 1365 X
1283 1326 1408 1365 ante
1442 1318 1643 1378 hyemis
1673 1319 1862 1365 intium
1892 1318 2218 1381 septimanis.
2306 1317 2429 1364 Cum

263 1398 1036 1473 Olavussermonemfinivisset
1046 1444 1064 1470 ,
1095 1422 1283 1455 omnes
1309 1407 1406 1454 hoc
1425 1407 1650 1454 laudare
1670 1405 1719 1453 8(
1739 1423 2044 1470 generosam
2068 1407 2205 1453 hanc
2225 1407 2429 1454 invita-

257 1499 449 1547 tionem
467 1499 746 1546 admirari.
802 1500 1004 1547 Olavus
1017 1498 1092 1556 acl
1116 1496 1514 1543 tabernaculum
1535 1497 1740 1543 rediens
1754 1493 2033 1557 fratribus
2053 1512 2176 1556 rem,
2211 1497 2291 1543 uti
2305 1504 2430 1541 acta

256 1597 390 1648 erat,
412 1588 702 1653 enarravit.
740 1588 837 1634 Illi
861 1603 981 1634 vero
1002 1587 1152 1633 haud
1177 1597 1303 1630 sane
1328 1585 1449 1630 inde
1475 1585 1604 1642 loeti,
1627 1585 1847 1631 nimiam
1870 1585 1924 1630 in
1950 1585 2046 1631 hoc
2058 1600 2314 1646 pompam
2326 1585 2431 1629 ad-

255 1676 425 1747 hiberi
446 1675 713 1723 rebantur.
735 1676 944 1722 Finitis
965 1674 1189 1721 comitiis
1197 1673 1413 1732 fratres
1434 1674 1640 1718 domum
1665 1672 1876 1719 rediere.
1909 1672 2140 1721 Labitur
2138 1673 2260 1735 jam
2273 1680 2431 1718 aestas

248 1765 456 1826 fratres
469 1764 696 1811 convivii
707 1764 898 1810 intenti
904 1763 1303 1826 praeparationi
1311 1794 1326 1821 ‚
1367 1762 1566 1809 Olavus
1591 1778 1718 1807 sane
1737 1761 1974 1823 munifice
1997 1763 2209 1808 tertiam
2231 1770 2430 1808 sumtus

249 1851 716 1918 partemproebuit.
750 1843 752 1845 ¹
789 1851 1092 1899 Convivium
1113 1851 1235 1907 lzoc,
1273 1840 1469 1913 optimo
1483 1858 1763 1913 apparatu
1781 1850 2168 1913 instauratum,
2206 1848 2430 1896 &multo

255 1941 459 2007 qvidem
486 1949 684 1998 sumtu,
718 1958 913 2004 magna
935 1941 1070 1987 eni-m
1088 1940 1395 1986 mortalium
1417 1940 1702 1986 multitudo
1728 1923 2118 2002 expectabatur.
2195 1938 2431 1986 Convivii

259 2037 492 2093 tempore
541 2030 1035 2093 appropinquante,
1095 2024 1372 2092 plerosqve
1413 2029 1556 2077 viros
1588 2027 1810 2086 nobiles,
1864 2029 1950 2090 qvi
1998 2028 2173 2075 venire
2220 2026 2429 2089 promi-

261 2126 457 2178 serant,
492 2117 765 2164 advenisse
789 2118 1049 2163 memorioe
1075 2118 1332 2164 traditum
1353 2124 1445 2164 est.
1522 2116 1697 2163 Tanta
1727 2124 1844 2162 erat
1860 2118 2166 2162 mortalium
2183 2116 2430 2161 multitu-

261 2208 353 2263 do,
400 2207 479 2253 ita
515 2206 704 2252 saltem
736 2206 960 2268 plurimi
995 2206 1258 2265 referunt,
1279 2213 1354 2251 >ut
1376 2220 1620 2251 numerus
1645 2204 1872 2251 DCCCC
1886 2206 2094 2251 omnino
2119 2206 2428 2267 expleretur.

257 2296 410 2343 Illud
431 2293 724 2341 convivium
747 2294 800 2338 in
821 2293 1069 2338 Islanclia
1089 2294 1430 2342 convivarum
1462 2309 1675 2345 numero
1711 2293 1938 2355 maximo
1978 2294 2276 2356 proximum
2294 2293 2430 2353 fuit,

256 2383 542 2445 maximum
565 2390 741 2429 autem
753 2381 874 2442 fuit
897 2382 1211 2445 parentale,
1253 2383 1390 2446 qvod
1409 2382 1464 2428 in
1481 2383 1665 2446 patris
1687 2382 1989 2429 memoriam
2013 2383 2197 2447 IJjalti
2208 2381 2320 2443 fllii
2342 2381 2430 2427 in-

258 2458 605 2528 staurabant,
651 2470 722 2516 ibi
745 2471 880 2518 enim
905 2470 1063 2518 MCC.
1143 2472 1263 2518 H'oc
1299 2472 1592 2520 convivium
1615 2472 1846 2518 maxima
1870 2488 1984 2518 cum
2004 2488 2207 2534 pompa
2218 2471 2435 2532 factum

262 2569 363 2620 est,
396 2576 715 2624 magnusqve
742 2561 861 2607 inde
884 2560 1046 2607 honos
1054 2560 1355 2620 fratribus,
1407 2563 1713 2625 plerumqve
1742 2561 1916 2607 tamen
1959 2562 2157 2610 Olavus
2183 2561 2434 2623 princeps

261 2648 569 2698 habebatur.
672 2650 740 2696 In
779 2648 1078 2696 muneribus
1122 2650 1316 2695 dandis
1374 2650 1575 2697 Olavus
1630 2649 1810 2696 ambos
1858 2651 2088 2714 oeqvavit
2128 2651 2342 2711 fratres
2383 2645 2434 2694 8<

265 2755 437 2786 omnes
463 2738 664 2801 qvidem
687 2738 791 2785 viri
811 2738 1125 2800 insigniores
1147 2755 1365 2785 munera
1389 2739 1626 2785 retulere.
1714 2739 1990 2799 Caeterum,
2036 2741 2242 2803 qvando
2257 2736 2436 2800 pleri-—

265 2843 358 2892 qve
393 2827 733 2873 convivarum
766 2826 1036 2886 abierant,
1093 2829 1292 2875 Olavus
1335 2827 1666 2874 Thorleikum
1680 2829 1921 2888 fratrem
1944 2829 2021 2874 ita
2047 2830 2311 2874 allocutus
2335 2834 2443 2873 est:

264 2915 356 2963 Ita
377 2932 429 2961 se
452 2931 532 2962 res
554 2914 736 2971 habet,
757 2916 976 2976 frater!
1010 2916 1090 2962 uti
1113 2916 1208 2962 tibi
1232 2932 1422 2979 qvoqve
1449 2924 1629 2963 notum
1654 2925 1758 2977 est,
1786 2934 1970 2980 pauca
1992 2934 2085 2963 nos
2111 2916 2327 2963 invicem
2344 2932 2438 2971 ex-

265 3001 526 3050 hibuimus
552 3005 803 3052 amicitioe
826 3006 1162 3064 documenta,
1184 3006 1307 3069 jam
1325 3022 1417 3068 ego
1439 3004 1536 3051 hoc
1555 3007 1800 3067 postulo,
1837 3015 1896 3053 ut
1917 3007 2087 3069 magis
2101 3005 2320 3067 firmam
2352 3006 2440 3052 in-

267 3101 346 3139 ter
379 3108 472 3137 nos
494 3093 773 3140 reddamus
791 3094 1083 3139 amicitiam
1106 3094 1597 3157 consangvinitatis.
1675 3095 1925 3158 Eqviclem
1945 3096 2051 3141 scio
2077 3093 2130 3142 te.
2153 3095 2439 3158 indignari,

265 3182 400 3245 qvod
417 3181 659 3244 pretiosa
676 3197 892 3228 munera
920 3198 954 3228 a
973 3191 1133 3245 patre
1155 3183 1469 3246 acceperim,
1507 3198 1568 3229 ea
1591 3182 1699 3243 die,
1735 3201 1835 3247 qva
1860 3184 1951 3231 ille
1973 3193 2286 3242 moreretur,
2322 3184 2441 3249 jam

2078 3274 2123 3320 O
2147 3289 2174 3320 2
