2956 3854
1278 226 1376 273 XV

265 405 419 469 dine
486 416 606 463 sua
661 404 1016 480 superasse.
1143 391 1288 452 Jam
1351 409 1506 451 vero
1575 386 1836 452 aliunde
1903 407 2157 473 constat
2222 396 2401 457 Gud-

263 498 582 566 mundum
622 509 770 556 ante
807 503 1082 553 mortem
1117 488 1368 549 Snorrii
1410 486 1667 548 obiisse.
1758 486 1886 549 Sed
1928 491 2403 555 observandum

264 616 362 665 est
408 588 785 660 Gudmundi
821 601 1038 673 partes
1077 584 1188 647 hic
1230 583 1429 646 fuisse
1476 582 1848 660 inferioreS,
1935 609 2145 671 neqve
2184 613 2405 654 narra.

261 700 460 764 tionis
502 690 796 755 ordinem
837 683 973 747 ullo
1020 681 1221 746 modo
1264 683 1541 759 turbari,
1614 686 1748 745 sive
1793 682 2220 749 Gudmundus
2266 689 2406 753 fue-

263 801 374 874 rit,
465 794 599 854 sive
651 787 814 848 alius
857 784 1025 846 forte
1069 786 1458 865 optimatum
1497 779 1786 861 ejusdem
1824 784 2207 864 provinciae,
2299 792 2406 869 qvi

259 892 541 956 Bollium
581 884 824 947 aditer
863 878 1351 965 suscipiendum
1389 879 1780 962 perduxerit.
1879 883 2052 943 Tota
2095 899 2406 967 praeterea

262 986 346 1050 de
385 985 595 1048 Bollio
647 985 903 1065 juniore
956 981 1276 1056 narrati0‚
1366 999 1487 1060 per
1540 998 1610 1039 se
1658 977 1786 1040 fide
1825 981 1978 1040 satis
2022 979 2245 1066 digna,
2337 986 2408 1044 in

261 1082 592 1146 nonnullis
644 1080 987 1144 codicibus
1045 1076 1250 1156 deest,
1343 1091 1533 1161 atqve
1571 1074 1835 1138 vinculo
1885 1076 2052 1139 adeo
2091 1077 2220 1143 levi
2259 1102 2406 1144 cum

261 1165 535 1244 historia
589 1176 999 1263 praecedente
1041 1176 1348 1252 cohaeret,
1427 1189 1502 1236 ut
1541 1176 1743 1236 serius
1788 1173 2009 1238 addita
2047 1177 2358 1243 videatur.

468 1342 472 1346 ,
523 1280 611 1339 Hi
659 1279 875 1359 itaqve
923 1283 1175 1338 errores
1217 1271 1910 1358 chronologicifidem
1949 1278 2146 1338 totius
2186 1299 2405 1341 narra—

258 1379 458 1440 tionis
505 1390 689 1439 tanto
735 1378 958 1437 -minus
1006 1371 1356 1459 instingere
1404 1370 1654 1449 valent,
1738 1388 1976 1454 qvanto
2029 1374 2281 1438 facilius
2334 1381 2404 1438 in

259 1475 535 1538 historia
592 1497 673 1536 ex
723 1473 1074 1535 traditione
1134 1469 1298 1533 orali
1353 1468 1604 1532 calamo
1659 1485 1932 1553 excepta
1991 1487 2054 1534 et
2099 1476 2208 1536 vix
2255 1497 2401 1537 cum

259 1573 410 1635 ull-is
461 1570 738 1633 aliorum
797 1570 1115 1629 librorum
1173 1570 1562 1629 testimoniis
1621 1583 1999 1649 comparata
2046 1585 2402 1651 potuerunt

261 1673 435 1733 oriri.
573 1671 817 1729 Durius
874 1669 1071 1752 igitur
1113 1664 1468 1740 videbitur,
1564 1662 1739 1747 qvod
1782 1663 2197 1730 Thormodus
2237 1673 2403 1732 Tor-

258 1767 441 1846 faeus‚
532 1769 608 1829 V.
660 1764 766 1843 cl.,
845 1767 916 1824 in
953 1763 1228 1825 historia
1283 1782 1402 1823 sua
1439 1763 1777 1848 Norvegiae
1820 1779 2092 1847 propter
2133 1767 2255 1829 hos
2306 1792 2401 1831 er—

257 1887 434 1930 rores
481 1866 561 1927 de
601 1879 826 1926 nostro
870 1876 1135 1923 auctore
1175 1860 1323 1921 tulit
1361 1859 1758 1941 judicium*).
2472 1863 2483 1871 ’“

523 1965 925 2024 Sententiam
983 1958 1063 2022 de
1109 1959 1385 2020 historia
1422 1973 1646 2020 nostra
1684 1959 1888 2020 multo
1932 1962 2275 2040 aeqviorem
2317 1967 2396 2024 ab

259 2063 526 2122 auctore
578 2059 954 2120 doctissimo
1009 2055 1295 2117 historiae
1352 2054 1799 2116 ecclesiasticae
1850 2054 2140 2115 Islandiae
2192 2061 2396 2122 Finno

259 2145 615 2220 Johannaeo
669 2154 771 2216 his
822 2155 1034 2218 verbis
1075 2171 1443 2235 expressam
1480 2150 1751 2235 legimus
1790 2155 1982 2228 (Hist.
2027 2153 2254 2216 eccles.
2297 2160 2393 2219 Isl.

361 2387 406 2440 ⁰)
436 2387 640 2432 Historiae
681 2403 831 2432 rerum
869 2387 1207 2442 norvegicarum
1249 2402 1352 2447 pars
1395 2388 1523 2433 tertia
1561 2404 1607 2449 p.
1647 2393 1731 2437 173
1759 2385 1926 2433 ”Valde
1959 2389 2007 2432 in
2029 2388 2116 2434 hoc
2148 2406 2284 2447 anno,
2351 2406 2395 2438 ut

431 2455 697 2520 plerumqve
750 2460 879 2514 alias,
943 2457 1152 2512 historia,
1212 2473 1307 2518 qvae
1350 2458 1553 2503 Laxdaela
1595 2457 1876 2513 inscribitur,
1939 2471 1983 2503 et
2023 2462 2138 2506 inter
2174 2465 2396 2524 praecipua

431 2528 710 2573 Islandorum
736 2527 995 2573 documenta
1021 2527 1229 2580 habetur,
1282 2526 1601 2586 hallucinatur3
1672 2528 1780 2573 dum
1803 2531 1899 2574 haec
1926 2528 1982 2573 ad
2006 2546 2166 2575 annum
2196 2535 2397 2582 MXXVI

430 2597 592 2655 refert3
648 2599 817 2644 obitum
859 2601 977 2644 enim
1012 2597 1251 2644 Thorkelis
1292 2602 1339 2643 in
1379 2600 1717 2660 qvadriennium
1759 2613 1857 2646 ante
1887 2600 2052 2646 caedem
2087 2605 2235 2649 Sancti
2269 2604 2394 2648 Olavi

434 2669 669 2727 contigisse
713 2671 872 2725 tradit3
938 2667 1251 2730 Gelleremqve
1287 2673 1380 2728 ejus
1423 2671 1564 2714 filium
1606 2681 1710 2714 tunc
1750 2687 1966 2716 annorum
2002 2673 2237 2730 tredecim3
2293 2691 2394 2719 nam

433 2755 486 2782 ex
520 2743 657 2802 capite
696 2740 824 2798 hujus
861 2740 1057 2786 historiae
1096 2741 1292 2788 XXVIII
1334 2741 1511 2799 (rectius
1545 2739 1699 2788 XXIX
1735 2744 1827 2786 sive
1859 2760 1904 2803 p.
1944 2749 2176 2797 122-124)
2219 2757 2393 2800 constat,

431 2808 556 2855 illum
591 2812 708 2855 inter
732 2828 971 2874 procerum
997 2810 1196 2857 Islandiae
1228 2813 1341 2857 filios
1371 2813 1511 2855 accitu
1543 2812 1656 2869 regis
1689 2828 1803 2857 anno
1836 2813 2018 2860 MXXV
2048 2814 2103 2857 ad
2129 2830 2229 2858 eum
2252 2819 2393 2876 patria

433 2880 708 2942 profectum,
773 2898 978 2944 annoque
1001 2883 1214 2943 -seqveuti
1238 2898 1289 2926 eo
1324 2898 1425 2925 cum
1454 2882 1667 2926 mandatis
1700 2881 1947 2927 deferendis
1980 2885 2235 2938 remissum3
2291 2903 2393 2930 nam

431 2953 467 2995 si
499 2968 615 2998 anno
648 2954 800 3000 XXVI
829 2952 1045 2998 Thorkell
1074 2954 1230 3013 periit,
1297 2953 1495 3013 oportuit
1527 2969 1628 2996 eum
1656 2969 1770 2997 anno
1804 2952 2068 3013 praecedenti
2102 2955 2218 3013 apud
2243 2973 2391 3011 regem

407 3023 478 3064 ·in
506 3022 882 3080 Norvegia.fuisse
911 3038 998 3065 una
1019 3039 1119 3067 cum
1146 3023 1238 3069 filio
1267 3021 1469 3077 Gellere‚
1527 3022 1660 3083 idqve
1686 3022 1918 3066 undecimo
1949 3025 2084 3068 aetatis
2111 3023 2228 3070 illius
2265 3043 2391 3082 anno,

432 3095 628 3151 seqventi
655 3105 796 3137 autem
821 3091 1048 3137 Gellerem
1080 3095 1307 3137 remissum
1340 3107 1458 3138 certe
1481 3093 1709 3148 legationis
1738 3095 1914 3148 negotio
1945 3096 2240 3141 immaturum.
2304 3100 2393 3143 Ita-

432 3176 515 3221 qve
565 3159 640 3205 illa
676 3161 858 3208 historia
893 3161 1005 3208 male
1050 3162 1236 3222 digesta,
1302 3164 1466 3225 partim
1509 3164 1638 3207 etiam
1682 3164 1897 3221 figmentis
1934 3179 2139 3228 corrupta
2175 3168 2221 3211 in
2257 3169 2390 3213 alium
