2956 3854
1162 354 1196 365 Β
1231 282 1359 340 37⁷

212 452 949 516 villamBorgarſjordensem,
966 466 1077 515 qvae
1087 449 1260 499 Bal-ki
1275 457 1348 496 est
1360 456 1563 509 vocata,
1581 449 1652 497 ibi
1674 448 1959 498 habitabat·
1981 450 2078 509 vir,
2092 452 2176 500 cui
2199 470 2384 502 nomen

209 541 678 604 Sveinkius,fortis
719 541 810 588 ille
835 548 953 588 erat
985 540 1066 588 vir
1095 556 1186 587 nec
1213 539 1268 586 in
1287 539 1512 602 negotiis
1546 540 1647 587 ulli
1665 540 1843 601 facile
1877 541 2071 589 cedens.
2156 543 2213 589 Is
2244 543 2385 602 foris

209 633 442 682 astabat.
515 633 650 679 Post
667 629 1041 677 salutationem
1067 637 1305 676 mutuam
1326 627 1462 675 dixit
1486 629 1803 677 Gunnarus:
1853 645 1984 693 opus
2008 638 2085 677 est
2112 631 2258 690 mihi,
2291 647 2384 679 co·-

211 723 355 779 lone,
399 720 502 768 cito
532 727 620 766 tuo
643 719 872 779 auxilio,
910 735 1034 766 nam
1062 717 1367 787 Thorkillus
1398 718 1619 766 Geitiris
1642 718 1790 780 filius
1826 735 1940 766 cum
1980 721 2072 768 IV
2088 720 2385 769 bominibus

207 818 391 859 memet
405 809 751 873 perseqvitur,
771 825 936 856 meam
949 815 1166 861 mortem
1187 816 1448 870 expetens,
1469 823 1646 854 verum
1664 809 1782 872 jam
1812 816 1972 856 antea
2003 809 2196 856 socium
2215 827 2384 858 meum

209 898 529 946 trucidavi&
585 898 854 947 Sveinkius
874 897 1167 961 respondit:
1199 896 1372 944 Haud
1387 896 1558 943 multa
1581 897 1835 945 hactenus
1859 915 1953 945 nos
1979 898 2383 946 intercesserunt

206 985 442 1050 negotia,
466 987 588 1049 jam
607 1003 726 1035 vero
748 987 1007 1050 periculis
1027 1003 1080 1033 es
1095 986 1400 1049 implicitus,
1436 986 1528 1032 sed
1548 994 1708 1032 antea
1731 987 1946 1035 virtutis
1967 987 2247 1034 exhibuisti
2281 990 2382 1036 do·-

207 1080 513 1136 cumentum‚
538 1078 663 1124 dum
687 1085 832 1124 tuum
854 1077 1036 1124 lterum
1057 1083 1392 1138 nostrumqve
1410 1075 1637 1121 amicum
1664 1063 1952 1122 ulcisceres.
2030 1076 2153 1121 Jam
2179 1076 2382 1138 qvidem

205 1165 356 1220 haud
375 1165 469 1212 diu
490 1166 586 1212 tibi
606 1165 693 1212 lzic
718 1151 974 1213 securitas
1001 1164 1291 1226 continget,
1329 1179 1444 1209 cum
1467 1163 1610 1209 tanti
1626 1164 1730 1211 viri
1756 1172 1804 1211 te
1830 1180 2028 1227 summo
2059 1164 2234 1211 studio
2251 1181 2382 1228 per-

205 1262 521 1318 seqvantur5
571 1256 664 1300 sed
699 1262 873 1300 tamen
892 1255 1014 1317 jam
1039 1251 1275 1315 primum
1302 1252 1448 1300 intra
1473 1252 1796 1301 vestibulum.
1883 1254 1987 1300 Ille
2010 1269 2130 1301 vero
2153 1254 2200 1299 ei
2216 1254 2382 1316 gessit

203 1357 412 1405 morem,
482 1342 690 1390 Deinde
713 1329 985 1391 Sveinkius
1006 1341 1358 1388 caminarium
1379 1341 1647 1405 cespitem,
1694 1343 1781 1407 qvi
1816 1341 1871 1389 in
1895 1342 2148 1390 vestibulo
2171 1344 2380 1401 aderat,

205 1445 373 1495 supra
408 1447 523 1478 eum
555 1431 855 1479 cumulavit.
943 1431 1072 1478 Tum
1099 1430 1402 1478 Zhorkillus
1432 1447 1546 1477 cum
1571 1432 1680 1478 suis
1708 1432 1784 1478 ad
1805 1431 1990 1480 villam
2014 1433 2257 1495 pervenit
2286 1441 2382 1487 (ιτ-τ

207 1535 297 1586 qve
319 1520 616 1570 Sveinkium
634 1528 760 1568 ante
787 1521 923 1568 aedes
951 1520 1310 1584 deprehendit.
1404 1520 1707 1569 slhorkillus
1738 1521 1947 1585 rogavit
1980 1538 2052 1569 an
2087 1523 2379 1571 Gunnarus

205 1627 263 1659 eo
282 1611 606 1674 pervenisset
614 1628 633 1671 ,-
655 1627 750 1658 nos
769 1611 904 1658 enim
915 1612 1266 1674 postulamus,
1294 1610 1431 1658 dixit
1444 1610 1769 1670 Thorkillus,
1793 1619 1852 1658 ut
1870 1626 1987 1659 eum
2010 1611 2159 1659 nobis
2173 1614 2383 1674 tradasj

206 1717 301 1747 nos
321 1709 497 1748 autem
520 1693 686 1747 amice
710 1709 896 1747 nostra
927 1700 1288 1764 transigamus
1313 1699 1541 1764 negotia.
1641 1700 1913 1750 uSveinkius
1938 1703 2154 1765 negavit
2174 1703 2245 1749 ibi
2266 1719 2383 1751 eum

206 1789 585 1852 deprehensum
608 1789 678 1834 iri
696 1788 802 1834 nisi
805 1789 958 1848 forte
983 1789 1270 1836 intraverit
1296 1790 1648 1837 coenaculum.
1725 1791 1850 1854 Jam
1874 1807 2003 1838 sane
2025 1790 2097 1837 ibi
2118 1793 2386 1855 qvaeratis,'
2426 1848 2434 1853 ,

207 1877 331 1924 licet
364 1893 399 1923 a
423 1877 625 1925 nemine
652 1885 826 1923 tamen
864 1885 1025 1924 antea
1051 1878 1211 1923 talem
1233 1895 1345 1926 sum
1365 1895 1650 1942 perpessus
1673 1880 2089 1944 explorationem
2113 1898 2178 1927 ac
2193 1898 2382 1944 perse-

205 1966 462 2012 cutionem
487 1966 787 2013 violentam.
858 1964 1065 2011 Deinde
1092 1968 1430 2013 coenaculum
1452 1968 1750 2028 intrarunt,
1806 1978 1929 2015 tunc
1952 1970 2089 2016 dixit
2112 1971 2382 2018 Sveinkius

209 2053 295 2100 illi
322 2053 583 2100 Thorlcilli
605 2053 797 2114 comiti,
818 2054 900 2117 qvi
913 2053 1068 2114 sores
1093 2056 1402 2103 custodivit:
1437 2073 1532 2119 ego
1563 2044 1690 2104 sane
1715 2057 1801 2103 hic
1829 2060 1991 2104 adero
2013 2075 2076 2107 ne
2099 2059 2251 2106 homo
2276 2076 2382 2106 au-

196 2142 417 2206 fugiat5
464 2159 642 2192 verum
676 2151 732 2190 tu
769 2143 914 2190 intra
949 2145 1302 2191 coenaculum.
1390 2146 1493 2192 Ille
1519 2162 1639 2194 vero
1663 2147 1803 2193 dicto
1822 2148 2030 2210 paruit.
2113 2135 2385 2197 Sveinkius

211 2233 526 2279 Gunnarum
550 2249 763 2297 surgere
789 2249 855 2279 ac
889 2234 1065 2297 egredi
1085 2234 1252 2296 jussit
1281 2230 1332 2280 8<
1367 2234 1479 2297 ipse
1522 2235 1712 2283 obicem
1733 2238 1925 2300 januoe
1961 2237 2158 2298 objecit.
2257 2240 2296 2286 Ἰ
2299 2255 2387 2285 um

209 2321 511 2379 Sveinkius:
557 2321 678 2369 Jam
718 2339 930 2380 navem,
960 2324 1155 2387 inqvit‚
1192 2341 1305 2388 qvoe
1337 2324 1469 2371 mihi
1503 2334 1581 2372 est
1605 2326 1661 2372 in
1694 2327 1874 2374 littore
1893 2335 2083 2374 astans
2104 2329 2356 2375 adeamus
2365 2345 2386 2389 ,-

210 2411 331 2482 dein
364 2412 549 2459 statim
583 2429 640 2459 eo
670 2422 1034 2476 perrexerunt.
1135 2414 1203 2461 In
1239 2414 1419 2462 littore
1462 2414 1720 2462 adstabat
1750 2417 2023 2481 navigium
2064 2417 2386 2474 subversum5

210 2501 415 2568 scapha
439 2502 551 2548 baec
575 2511 901 2566 eratparva,
928 2520 1082 2568 qvam
1100 2510 1262 2551 antea
1285 2503 1587 2566 impicarat.
1662 2506 1764 2553 Sub
1794 2507 1892 2554 hoc
1923 2508 2165 2570 navigio,
2200 2505 2392 2571 [inqvit

207 2589 505 2658 Sveinkius]
522 2599 568 2638 te
580 2592 702 2655 jam
727 2594 982 2651 occultes,
998 2595 1119 2658 jam
1142 2592 1278 2640 enim
1302 2601 1576 2641 maturato
1589 2612 1720 2659 opus
1753 2604 1847 2643 est.
1919 2597 2186 2645 Sveinkius
2209 2597 2389 2643 eadem

209 2677 299 2725 via
324 2695 491 2742 agnos
519 2683 593 2727 ad
619 2682 772 2729 littus
800 2682 1000 2746 abegit,
1046 2700 1109 2731 ne
1142 2683 1364 2729 duorum
1387 2682 1654 2731 hominum
1683 2685 1907 2750 vestigia
1935 2687 2359 2749 conspicerentur
2370 2702 2390 2745 ,·

196 2767 412 2830 jamqve
431 2771 722 2821 Guntzarus
745 2789 798 2818 se
830 2772 922 2819 sub
954 2772 1170 2835 navigio
1196 2772 1492 2820 occultavit.
1575 2775 1731 2821 Nunc
1767 2776 1830 2821 de
1874 2775 2145 2822 Thorkillo
2181 2791 2246 2820 ac
2282 2775 2391 2838 ejus

209 2856 364 2902 sociis
385 2862 794 2920 memorandum,
815 2863 946 2925 qvod
958 2878 984 2908 e
1003 2863 1282 2910 coenaculo
1292 2861 1487 2925 egressi
1499 2878 1607 2908 sese
1629 2862 1858 2910 inclusos
1876 2863 2237 2926 comperivere,
2258 2864 2395 2910 unde

198 2931 414 3005 factum
449 2956 527 2994 est
558 2957 617 2996 ut
647 2952 856 3013 segnius
882 2952 1048 3013 foras
1081 2951 1452 3013 provenirent,
1513 2967 1722 3016 cumqve
1764 2954 1975 3000 tandem
2010 2954 2394 3017 egrederentur,

213 3035 486 3082 Sveinkius
510 3038 625 3098 jam
661 3041 854 3086 aderat
884 3041 943 3107 in
977 3041 1152 3103 agello
1190 3040 1335 3088 villoe
1358 3041 1628 3104 proximo,
1681 3057 1848 3104 agnos
1895 3058 1930 3088 a
1972 3041 2151 3089 littore
2186 3044 2395 3089 domum

214 3140 389 3186 agens.
472 3127 771 3174 Tliorkillus
801 3130 937 3176 dixit
955 3147 969 3175 .·
1007 3130 1212 3176 inimice
1232 3131 1409 3191 tejam
1435 3146 1560 3192 erga
1585 3147 1679 3177 nos
1698 3131 1874 3194 geris3
1901 3147 2078 3179 verum
2099 3149 2190 3195 qvo
2216 3133 2269 3178 in
2286 3133 2397 3177 loco

220 3215 533 3263 Gunnarum
557 3217 872 3265 occultasti?
909 3220 1176 3268 Sveitzkius
1202 3220 1363 3266 dixit:
1385 3219 1590 3267 nullum
1606 3221 1667 3267 de
1683 3221 1940 3269 Gannaro
1961 3238 2176 3285 possum
2201 3219 2397 3286 afferre

1968 3309 2129 3378 Bnbb
