2956 3854
1272 267 1392 325 195

240 431 361 490 illi?
404 447 519 493 qvae
555 430 827 479 verissima
879 432 1239 493 comperisset,
1301 445 1626 476 memorasse.
1727 431 1987 477 Gudruna
2017 429 2078 476 de
2113 428 2197 475 liis
2225 443 2409 490 pauca

238 521 441 579 locuta,
494 521 835 580 manifestum
878 535 998 571 vero
1041 527 1159 566 erat
1199 519 1354 565 illam
1401 519 1738 581 indignatam
1783 537 1904 566 esse.
2011 519 2251 580 Plerique
2273 518 2410 565 enim

235 617 599 674 autumavere,
634 602 801 654 multo
848 607 1001 653 illam
1036 608 1202 672 teneri
1230 608 1491 672 Kjartani
1524 609 1808 666 desiderio,
1859 609 1955 654 etsi
1991 608 2129 653 illud
2158 607 2409 653 dissimu—

235 699 388 746 laret.
425 744 428 746 ,
491 679 611 743 Hoc
646 704 899 762 autumno
935 696 1225 743 convivium
1257 697 1464 759 Laugis
1525 697 1931 757 instituendum,
2001 697 2260 758 Olavoqve
2293 689 2408 742 cum

231 785 369 832 viris·
404 773 889 847 lzjardlzoltensibus
933 785 1072 831 illud
1123 787 1437 850 adeundum.
1526 787 1648 832 ,lam
1686 796 1887 850 tempus
1925 802 2077 849 usqve
2114 786 2189 830 ad
2224 783 2407 830 convi-

230 873 370 919 vium
397 875 827 936 proeterlapsztm.
905 873 1106 921 Olavus
1142 876 1217 920 ad
1247 859 1357 920 iter¹
1378 892 1431 920 se
1448 876 1696 938 paravit,
1745 875 2042 938 rogavitqve
2064 874 2406 935 Kjartanum,

229 968 288 1007 ut
318 977 425 1006 sese
468 952 821 1008 comitaretur.
889 964 1190 1026 Kjartanus
1227 965 1456 1010 ‚ee-domi
1488 981 1795 1010 mansurum
1826 965 1900 1008 ad
1938 979 2042 1009 rem
2067 961 2403 1007 domesticam

230 1051 522 1096 curandam
565 1051 864 1112 affirmavit.
969 1051 1170 1098 Olavus
1202 1052 1437 1112 rogavit,
1472 1068 1535 1099 ne
1570 1052 1677 1097 ista
1703 1068 1759 1098 re
1787 1052 2203 1113 propinqvorum
2234 1048 2406 1093 susci-

231 1145 373 1184 taret
401 1138 830 1200 indignationem.
904 1140 987 1198 Id,
1028 1139 1217 1201 inqvit,
1241 1141 1535 1198 recordare,
1555 1141 1866 1204 .KJartane!
1901 1140 2106 1185 nullum
2127 1137 2409 1184 mortalem

228 1234 285 1274 te
316 1234 523 1296 tantum
562 1228 808 1274 dilexisse
840 1237 1088 1291 qvantum
1123 1228 1387 1287 Bollium,
1450 1230 1645 1276 socium
1666 1230 2020 1293 jurejurando
2040 1227 2135 1274 tibi
2169 1226 2405 1272 adstric—

226 1323 349 1378 tum.
403 1315 528 1360 Mea
554 1316 751 1378 qvidem
774 1318 1020 1363 voluntas
1045 1325 1137 1374 est,
1177 1325 1238 1363 ut
1266 1325 1450 1363 memet
1481 1335 1703 1395 seqvare.
1779 1319 1888 1366 Vos
1921 1317 2119 1363 sobrini
2145 1316 2320 1375 facile
2348 1314 2403 1360 in

218 1398 458 1465 gratiam
489 1400 756 1462 redibitis,
794 1404 841 1449 si
874 1421 964 1452 vos
995 1405 1259 1467 congressi
1284 1384 1527 1465 fueritis.
1608 1390 1910 1469 Kjartanus
1939 1405 2097 1468 patri
2132 1405 2272 1449 dicto
2294 1419 2398 1448 au·-

221 1484 397 1548 diens,
453 1492 761 1538 vestimenta
800 1509 896 1539 sua
919 1496 1147 1555 promsit
1168 1494 1432 1554 coccinea,
1479 1511 1587 1558 qvae
1611 1511 1702 1542 rex
1736 1497 1931 1543 Olavus
1965 1502 2090 1540 ante
2117 1493 2399 1539 discessum

220 1575 268 1625 e'i
301 1581 534 1636 dederat,
580 1582 751 1628 multa
789 1583 962 1628 cultus
984 1582 1376 1645 magnificentia
1404 1599 1543 1629 usus.
1620 1585 1844 1643 Gladio,
1893 1600 2035 1646 qvem
2071 1582 2154 1627 illi
2185 1582 2403 1626 dederat

220 1683 337 1728 rex,
380 1684 433 1714 se
466 1669 646 1716 cinxia·
705 1670 1006 1718 ‘Auratam
1045 1673 1222 1732 capite
1256 1671 1505 1734 gestabat
1531 1672 1772 1733 galeam,
1811 1671 2121 1732 rubrumqve
2150 1668 2225 1712 ad
2255 1667 2400 1712 latus

222 1753 491 1819 clypeum,
530 1774 698 1805 aurea
722 1759 920 1811 Sancta
964 1758 1123 1804 Cruce
1154 1767 1429 1817 ornatum,
1477 1762 1783 1823 hastamque
1805 1752 1861 1806 in
1897 1774 2084 1815 manu,
2121 1753 2399 1801 manubrio

221 1844 494 1892 obaurato.
584 1847 702 1893 Toti
736 1847 1013 1897 comitatui
1049 1848 1290 1894 colorata
1320 1856 1476 1894 erant
1501 1850 1831 1907 vestimenta,
1867 1862 2111 1894 numerus
2147 1845 2401 1906 aliqvan—

222 1941 330 2004 tum
373 1949 541 1995 supra
592 1935 798 1999 viginti.
904 1936 1026 1979 Jam
1067 1951 1093 1979 e
1133 1936 1535 1998 filjardarliolto
1584 1938 1734 1982 domo
1768 1937 2056 2000 eqvitavere
2098 1943 2148 1980 et
2202 1933 2398 1997 qvidem

214 2010 446 2086 profecti
491 2039 642 2085 usqve
697 2023 820 2067 dum
863 2023 1084 2084 Laugas
1114 2023 1460 2084 pervenirent.
1577 2024 1746 2071 Multi
1774 2019 1862 2070 'ibi
1891 2024 2132 2071 convivae.

1111 2240 1284 2305 CAP.
1326 2250 1517 2321 XLV.

483 2354 706 2430 Bollius
733 2394 798 2441 ac
821 2376 1116 2438 Osvivifilii
1132 2342 1296 2427 Olavo
1321 2379 1514 2442 egressi
1535 2378 1763 2438 obviam,
1812 2381 1925 2428 laeti
1951 2380 2103 2427 illum
2141 2395 2396 2442 excepere.

217 2431 766 2534 BolliusIKJartanum
786 2468 926 2513 adiit
951 2468 1200 2531 illumque
1226 2469 1492 2514 osculatus
1511 2477 1601 2516 est.
1645 2471 1947 2534 K‘jartanus
1965 2471 2167 2533 excepit
2185 2470 2399 2515 saluta-

221 2555 428 2616 tionem5
437 2562 627 2618 'postea
652 2556 941 2602 introducti
961 2565 1096 2603 sunt.
1131 2557 1344 2604 Bollius
1358 2573 1484 2620 erga
1503 2575 1589 2605 eos
1604 2561 1884 2607 admodum
1902 2577 2066 2607 comes
2080 2568 2196 2607 erat
2208 2556 2398 2604 &Ola-

217 2662 309 2693 vus
327 2656 384 2691 eo
401 2646 624 2691 multum
645 2646 878 2701 laetatus,
894 2646 1195 2706 Kjartanus
1215 2654 1389 2692 autem
1409 2648 1738 2711 aliqvantum
1753 2651 2153 2713 eratfrigidior.
2189 2648 2397 2708 Magna

220 2718 442 2782 convivii
474 2725 844 2794 munificentia.
922 2732 1058 2798 Eq'vi
1082 2744 1237 2781 erant
1257 2734 1467 2792 Bollio,
1499 2739 1647 2799 operi
1675 2756 1778 2785 non
1801 2740 2056 2795 adhibiti,
2095 2738 2176 2802 qvi
2212 2734 2396 2798 optimi

221 2820 611 2869 habebantur&
625 2824 976 2870 admissarius
997 2825 1199 2888 qvidem
1213 2840 1468 2887 procerus
1487 2842 1552 2871 ac
1566 2828 1813 2888 pulcher,
1841 2845 1930 2873 nec
1949 2843 2171 2890 unqvam
2197 2826 2252 2871 in
2271 2825 2401 2886 liip-

215 2911 501 2973 pomaclzia
529 2921 830 2976 superatus;
863 2914 1007 2959 color
1034 2922 1152 2959 erat
1171 2913 1341 2969 albuS,
1376 2930 1532 2960 aures
1553 2931 1672 2964 vero
1696 2913 1745 2962 8<
1769 2914 1939 2962 'cirrus
1962 2917 2098 2962 inter
2124 2932 2214 2963 eas
2238 2913 2397 2960 rubra

222 3000 419 3061 (fulva)
430 3016 447 3058 ,-
481 3009 585 3046 tres
607 3001 758 3052 illum
780 3018 920 3065 eqvoe
939 3002 1292 3066 seq-vehantur,
1323 3003 1503 3067 qvibus
1525 3005 1658 3050 idem
1683 3021 1747 3050 ac
1766 3022 1890 3068 eqvo
1912 3014 2030 3051 erat
2053 3006 2208 3052 color.
2259 3003 2400 3048 Istos

223 3105 369 3161 eqvos
392 3089 605 3136 Bollius
625 3091 893 3153 Kjartano
925 3094 1123 3140 donare
1140 3093 1356 3153 ‘voluit5
1406 3094 1706 3157 Kjartanus
1738 3110 1858 3142 vero
1884 3096 2094 3157 negavit
2116 3110 2167 3140 se
2179 3092 2399 3138 multum

222 3195 328 3223 esse
346 3178 712 3240 plzillzippum,
749 3180 1037 3244 donumque
1052 3190 1329 3246 acceptare
1352 3183 1629 3231 recusa-vit.
1706 3184 1901 3231 Olavus
1922 3183 2148 3246 rogavit,
2168 3191 2226 3228 ut
2253 3196 2397 3244 eqvos

1985 3273 2131 3319 Bb2
