2956 3854
1268 271 1394 327 413

359 435 450 485 ojus
461 449 553 476 cum
563 424 753 476 Bouio'et
764 435 972 476 Gudruna
984 431 1164 487 Osvistf.
1179 436 1292 473 ami-

355 509 478 553 citia,
505 512 524 549 1
533 512 560 553 6
571 513 607 549 1.
625 495 876 546 consortium
886 508 989 545 iniit
1000 507 1291 544 mercatoriam

358 590 451 615 cum
462 577 600 628 Kalfo
610 606 625 623 ‚
655 581 742 622 163
755 598 779 606 -
789 581 830 621 5.
837 589 1015 628 peregre
1029 578 1292 627 Norvegiam
1318 607 1321 608 γ

350 647 644 698 proficiscitur
653 661 834 686 unacum
843 648 998 692 Bolli0,
1030 649 1130 691 167.
1157 645 1290 682 nandi

359 718 469 755 artis
493 718 730 767 periculum
749 716 872 767 facit
903 731 996 755 cum
1031 717 1162 755 Olavo
1196 728 1293 766 rege

364 788 578 838 Tryggvii
587 786 632 837 j:
657 789 732 839 qui
757 787 955 835 munifico
979 786 1084 823 dono
1105 799 1194 823 eum
1221 799 1292 822 or-

356 863 456 902 nat,
504 859 606 903 169.
644 861 734 903 eJ'us
763 870 814 895 ao
842 857 978 896 Bollii
997 864 1142 894 mutua
1166 856 1292 898 eollo,-

358 928 460 979 qvia
480 927 530 966 de
549 928 754 979 religione
779 926 1031 975 Christjana
1057 925 1157 963 etde
1181 939 1293 976 rege,

354 998 426 1048 qvi
453 997 623 1036 eandem
644 999 899 1043 annuntiat,
937 1000 1036 1041 171.
1050 997 1294 1046 colloquium

353 1079 446 1104 cum
477 1081 574 1118 rege
593 1067 645 1109 de
663 1068 736 1105 rel.
750 1061 918 1105 Christ.
944 1070 1030 1110 173
1046 1087 1069 1094 —
1082 1068 1125 1108 5.
1148 1064 1292 1115 bapti-

355 1143 478 1175 zatur
515 1141 617 1183 177.
650 1138 766 1187 regis
791 1135 841 1173 de
861 1148 905 1172 eo
923 1134 1292 1182 honorificumju-

276 1218 278 1220 ·
354 1205 539 1253 dicium,
581 1209 684 1250 177.
717 1203 838 1254 apud
852 1217 990 1254 regem
1017 1211 1292 1241 commoratur

350 1282 550 1327 tanquam
589 1274 703 1330 obses
719 1301 734 1321 ,
780 1273 890 1311 dum.
915 1274 1036 1325 relig.
1074 1265 1291 1321 C'lzristJ‘a-

1075 1347 1289 1390 179-83.

351 1412 615 1465 Ingibjarga
634 1416 750 1465 regis
775 1427 890 1451 soror
910 1415 1058 1464 m‘agni
1070 1427 1160 1451 eum
1172 1416 1292 1451 cesti-

354 1356 412 1382 na
442 1344 633 1383 Islandis
665 1345 1012 1389 annuntiaretur,

355 1491 443 1521 mat
453 1491 490 1521 et
492 1484 667 1534 peplum
668 1485 902 1535 pretiosum
914 1485 953 1520 ei
967 1484 1071 1521 dono
1084 1483 1158 1522 (lat
1191 1489 1241 1529 18
1249 1488 1289 1530 9.

351 1555 478 1592 venia
510 1556 627 1605 regis
649 1554 812 1591 domum
826 1554 1127 1604 proficiscendi
1157 1555 1291 1605 impe-

354 1631 471 1662 trata
480 1651 494 1670 ,
518 1623 623 1662 dono
643 1626 761 1674 regio
780 1631 955 1662 ornatus
972 1623 1210 1662 Islandiam
1221 1638 1291 1661 re-

351 1694 482 1739 visit,
518 1694 619 1740 191.
635 1696 725 1742 ejus
748 1707 841 1731 eum
860 1691 1034 1742 H‘resna
1048 1693 1293 1744 colloquium

355 1768 459 1808 193.
499 1766 590 1811 ejus
625 1764 856 1814 exquisitus
896 1761 1066 1800 habitus
1103 1765 1292 1808 vestium,

353 1831 465 1872 dona
487 1834 626 1871 Bollii
645 1834 866 1870 contemnit
880 1846 897 1879 ;
938 1831 1000 1869 ad
1010 1844 1152 1883 pagos
1175 1830 1293 1870 bore-

352 1904 440 1943 ales
457 1902 676 1954 profectus
687 1930 702 1948 ,
725 1904 773 1940 in
797 1902 910 1940 ludis
925 1910 961 1939 et
973 1903 1159 1951 corporis
1173 1915 1293 1939 exer-

1187 1975 1289 2018 197·

353 2041 575 2092 Hrefnam
596 2041 799 2092 Asgeiris
809 2041 961 2089 filiam
979 2053 1147 2078 uxorem
1164 2040 1291 2092 ducit,

355 1974 474 2011 uitiis
519 1973 714 2022 palmam
761 1972 866 2009 aliis
895 1972 1123 2022 proeripit,

355 2114 473 2165 eique
504 2114 553 2150 in
584 2112 728 2150 lin-teis
759 2110 835 2149 dat
849 2111 1022 2162 peplum
1045 2112 1292 2160 pretiosum,

355 2184 520 2235 reginoe
560 2181 713 2219 donum
750 2185 839 2228 199
865 2202 891 2209 -
909 2184 1018 2223 201.
1055 2169 1142 2218 hoc-¹
1169 2181 1292 2220 Gud-

355 2266 468 2292 runa
484 2251 630 2300 Osmfi
643 2250 689 2302 f.
717 2252 757 2288 ei
775 2251 958 2301 invidet,
999 2258 1036 2288 et
1056 2250 1198 2288 odium
1210 2251 1292 2301 so-

355 2325 420 2364 vit
430 2325 478 2362 in
488 2324 772 2373 Uarianam,
797 2326 907 2366 203.
929 2334 1076 2369 ensem,
1098 2335 1212 2372 qvem
1222 2335 1296 2360 rex

357 2395 398 2432 ei
423 2392 621 2441 dederat,
649 2394 758 2432 elam
777 2392 988 2438 ablatum,
1019 2393 1110 2429 sine
1131 2393 1300 2443 vagina

357 2471 575 2515 recuperat
583 2491 599 2509 ,
633 2466 745 2508 205.
768 2463 943 2514 peplum
968 2460 1154 2511 Hrefnoe
1170 2461 1296 2512 furto

361 2533 575 2580 ablatum,
641 2538 754 2579 207.
847 2531 1099 2572 Gudrunam
1156 2531 1296 2580 Ossa-'fi

356 2604 397 2656 f.
444 2603 568 2655 furti
618 2592 866 2649 insimulat,
936 2603 1297 2654 ignominiamque

358 2684 564 2726 magnam
616 2676 709 2722 ejus
745 2672 944 2723 familice
981 2671 1103 2722 facit
1112 2685 1128 2717 2.
1189 2660 1298 2719 209.

361 2743 474 2783 nnde
507 2743 752 2782 inimicitia·
771 2755 964 2794 magnoe,
997 2745 1106 2784 211.
1125 2742 1301 2793 pai-tum

358 2810 502 2853 ‘Bottia‘
519 2812 570 2851 de
579 2811 720 2864 fundi
741 2814 915 2852 emtione
935 2813 1107 2850 irritum
1127 2811 1242 2862 facit
1263 2821 1301 2850 et

352 2880 545 2934 fundum
565 2868 676 2930 emit,
695 2888 804 2928 213.
819 2883 934 2922 adiit
942 2881 1214 2920 occidentales
1231 2895 1300 2920 re-

361 2953 512 3004 giones
525 2949 665 3002 ibique
679 2953 944 3005 aliquamdiu
956 2960 1144 2991 moratur
1155 2981 1169 2998 ,
1189 2956 1298 2998 215.

364 3020 544 3059 insidia·
566 3022 606 3058 ei
620 3030 789 3063 struetoe
799 3037 849 3063 ex
861 3023 1081 3062 Gudrunae
1093 3023 1299 3068 consiliis,

363 3094 584 3137 217-19.
604 3105 760 3144 pugna
793 3093 903 3130 inter
936 3106 1027 3131 eum
1051 3100 1089 3131 et
1108 3093 1298 3131 insidia-

366 3169 476 3200 tores
507 3165 616 3208 221.
652 3160 682 3203 ἂ
709 3163 852 3203 Ballio
869 3161 1148 3217 interficitur,
1188 3168 1297 3210 223.

1509 433 1610 484 ejus}
1629 432 1781 475 caedem
1790 463 1804 483 ,
1841 449 1921 487 per
1957 433 2085 477 olavi
2113 438 2444 478 intercessionem

1510 507 1680 545 Bollius
1700 508 1886 557 pecunia
1908 509 2098 558 expiavit
2108 536 2122 554 ,
2146 510 2296 561 reliqui
2312 510 2442 548 caedis

1505 577 1741 626 participes
1761 577 1995 626 proscripti
2019 581 2112 621 225
2127 582 2237 622 -33.
2308 579 2443 618 Thor-

1501 645 1639 695 gerda
1660 659 1753 682 vero
1773 653 1904 682 mater
1923 647 2014 693 effus
2035 647 2186 685 coedem
2209 651 2299 696 cy'us
2332 662 2444 700 oegre

1499 713 1650 764 ferens
1661 742 1675 759 ,
1692 715 1817 762 filios
1838 727 1933 751 suos
1953 716 2194 767 instigavit,
2216 726 2261 756 ιιι
2278 719 2445 757 vindic-

1507 791 1595 821 tam
1618 790 1822 821 sumerent
1841 787 1935 827 235
1948 788 2059 828 -43.

1383 855 1626 901 Kjartanus
1637 881 1651 899 ,
1690 849 1912 891 Thorhalli
1942 862 1980 891 et
2005 854 2255 907 Bergthorae
2267 855 2313 906 s
2342 861 2441 901 121.

1382 924 1622 971 K‘jarvalus
1634 952 1647 969 ,
1674 921 1900 962 Hibernia,-
1921 937 2016 972 rex,
2044 928 2086 969 3.

1383 993 1612 1032 Kodranus
1633 993 1756 1031 Ormi
1768 992 1814 1043 s
1838 998 1944 1038 333.

1382 1061 1612 1100 Kolbeinus
1636 1062 1796 1101 Thordt
1820 1062 2116 1113 Freysgodif
2143 1069 2246 1108 181.

1382 1131 1532 1169 Kollus
1554 1132 1759 1170 Dalensis
1771 1157 1786 1175 ,
1812 1130 1899 1176 dux
1923 1135 1965 1177 9.
1985 1132 2225 1171 Islandiam
2239 1139 2445 1184 pervenit,

1513 1204 1583 1244 11.
1609 1201 1786 1238 moritur
1813 1203 1870 1243 17
1894 1213 1954 1252 sq.
1978 1203 2067 1251 ejus
2090 1204 2241 1240 mentio
2267 1209 2340 1250 23.
2366 1210 2441 1249 27.

1382 1269 1670 1319 Korekifilii,
1698 1272 1822 1314 36¹7-
1838 1274 1913 1314 71·

1383 1331 1572 1377 Korekus
1586 1361 1604 1386 ,·
1627 1343 1734 1386 369.

1381 1409 1597 1448 Kotkellus
1622 1410 1848 1458 venifica-s,
1890 1414 1990 1456 135.
2021 1413 2112 1460 ejus
2137 1416 2307 1466 magia,
2339 1420 2441 1461 141.

1511 1484 1614 1523 151.
1637 1480 1753 1517 mala
1775 1480 1873 1518 inde
1898 1488 2012 1530 orta,
2051 1486 2152 1526 143.
2171 1488 2445 1535 153.protec-

1510 1551 1662 1587 tionem
1673 1549 1757 1587 sibi
1779 1552 1898 1596 emit,
1929 1555 2030 1596 145.
2046 1557 2306 1604 persecutio,
2336 1561 2438 1603 147.

1509 1620 1600 1662 eius
1625 1619 1757 1658 coedes
1784 1625 1869 1665 155
1894 1633 1955 1672 sq.

1879 1754 1943 1801 L.

1383 1861 1590 1901 Lambius
1617 1861 1892 1911 leorbjb'rnis
1912 1863 2078 1916 skriups
2093 1865 2139 1916 f.
2163 1871 2236 1914 89.
2261 1871 2351 1918 ejus
2372 1884 2446 1910 ex-

1509 1934 1715 1971 istimatio
1727 1960 1740 1978 ,
1776 1937 1863 1979 159
1895 1938 2117 1985 aggressio
2141 1945 2179 1974 et
2203 1951 2448 1990 congressus

1512 2017 1605 2042 cum
1624 2003 1766 2041 Bollio
1775 2030 1789 2047 ,
1813 2007 1919 2046 241.
1946 2009 2040 2048 245
2046 2034 2054 2042 .
2062 2019 2212 2056 pacem
2224 2007 2309 2046 sibi
2312 2003 2449 2060 parat

1510 2073 1735 2111 ador-tendo
1764 2073 1901 2110 Bollii
1920 2087 2189 2126 aggressores
2210 2084 2248 2114 et
2269 2077 2448 2117 homini*

1507 2142 1587 2179 das
1613 2146 1721 2189 259.
1754 2145 1848 2187 267
1862 2156 1924 2194 sq.
1946 2146 2036 2191 ejus
2048 2153 2215 2183 statura
2227 2154 2264 2184 et
2275 2150 2448 2187 vestitus

1510 2216 1616 2256 275.
1640 2213 1848 2263 expeditio
1871 2216 1962 2261 ejus
1986 2214 2246 2266 improbatur
2269 2220 2359 2263 281
2385 2231 2446 2272 sq.

1385 2285 1656 2335 Langenses,
1689 2287 1789 2329 139.
1824 2287 1925 2328 145.
1950 2288 2060 2330 207.
2085 2299 2145 2338 sq.
2169 2290 2279 2331 221.

1385 2352 1677 2392 Laxdalenses
1690 2381 1704 2399 ,
1729 2356 1802 2398 65.
1829 2357 1906 2400 67.
1929 2358 2038 2403 259.

1384 2425 1539 2473 Ljotus
1551 2452 1565 2471 ,
1600 2427 1706 2470 369.

1463 2515 1486 2523 -
1562 2495 1610 2534 V
1604 2495 1776 2532 allensis
1800 2498 1907 2542 359.
1930 2509 1997 2547 sq.

1385 2563 1543 2615 Ljusa,
1565 2564 1747 2612 ij'rnis
1771 2579 1900 2612 uxor,
1931 2570 2010 2609 21.

1390 2633 1608 2674 Lodverus
1635 2634 1860 2686 Thorfinni
1871 2636 2023 2687 filius,
2047 2639 2094 2684 9..

1877 2767 1954 2815 M.

1389 2880 1585 2932 Magnus
1606 2879 1735 2919 bonus
1747 2907 1761 2926 ,
1785 2892 1883 2926 rex,
1909 2880 2023 2924 333.

1389 2951 1548 2989 Marus
1565 2951 1681 2989 Atlii
1695 2949 1741 3000 f
1772 2954 1844 2994 13.

1388 3019 1580 3059 Meldun-
1595 3032 1725 3058 comes
1735 3048 1749 3066 ,
1777 3024 1847 3064 13.

1389 3089 1610 3130 Melkorka
1623 3089 1935 3140 Myrkjartani,
1947 3086 2172 3128 .Hibernice
2184 3087 2316 3138 regis,
2329 3086 2455 3136 filia,

1517 3159 1731 3200 Hdskaldi
1739 3188 1754 3207 ,
1795 3161 1917 3201 Data
1934 3181 1957 3190 -
1973 3159 2093 3199 Kolta·
2118 3156 2164 3208 f.
2209 3155 2452 3206 concubina,
