2956 3854
127 3050 135 3058 .

0 3743 21 3778 ,ἶ

0 3765 35 3854 23³&

10 3695 25 3750 w

1350 229 1434 286 77

308 411 431 461 gere
441 394 710 459 juberent,
754 404 947 443 terram
971 394 1069 441 sibi
1098 395 1228 446 adeo
1240 393 1627 456 propinqvam,
1674 404 1733 441 ut
1760 411 1927 457 prora
1962 395 2298 456 allideretur,
2353 414 2459 446 sese

307 483 601 546 conspicere
620 465 965 546 affirmarunt.
1040 482 1099 529 V
1092 482 1227 527 elum
1250 497 1370 527 vero
1396 490 1513 528 erat
1526 487 1787 543 pansum,
1845 484 1954 528 sine
1990 485 2104 529 ulla
2132 485 2451 531 vehementia

304 571 461 622 venti.
536 571 732 617 Nautae
755 570 938 616 statim
960 577 1308 615 surrexerunt.
1384 567 1556 615 Ornus
1580 585 1699 616 vero
1725 570 1962 633 rogavit:
1998 580 2071 629 ut,
2105 572 2150 617 si
2163 581 2394 634 possent,
2419 590 2454 619 a

306 665 448 704 terra
469 674 674 704 cursum
699 657 995 718 dirigerent.
1048 657 1245 704 Olavus
1268 657 1418 716 dixit,
1442 673 1545 703 non
1557 658 1678 719 jam
1706 657 1833 703 talis
1856 666 1932 703 est
1957 667 2258 705 nostrarum
2279 676 2451 706 rerum

303 745 532 792 conditio
540 761 559 804 ,·
593 759 685 805 ego
704 743 839 788 enim
851 744 925 789 ad
941 752 1210 807 utrumqve
1230 745 1373 791 latus
1384 745 1585 806 fluctus
1606 761 1816 807 surgere
1837 753 1991 807 atqve
2025 762 2208 808 urgere
2222 748 2454 809 puppim

302 828 577 893 conspicio.
622 831 898 887 Demittite
922 833 1095 895 itaqve
1116 834 1284 880 velum
1297 833 1581 893 confestim,
1603 849 1779 880 verum
1800 834 1980 879 statim
2000 843 2153 898 atqve
2177 835 2452 892 illucescet,

245 960 250 966 .
302 919 646 965 consultemus
679 919 803 982 qvid
833 920 1040 965 consilii
1070 921 1140 966 sit
1178 922 1488 984 capiendum
1500 937 1518 980 5
1552 921 1663 967 haec
1694 929 1838 966 terra
1866 920 1976 965 illis
2011 930 2134 973 erat,
2166 923 2450 983 incognita.

306 1007 435 1063 Tum
456 1006 1057 1065 demiseruntanchoras,
1079 1025 1191 1069 qvae
1204 1009 1432 1068 fundum
1453 1009 1636 1054 statim
1648 1008 1957 1069 attigerunt.
2031 1007 2197 1054 Multi
2219 1025 2280 1053 ea
2305 1017 2452 1054 nocte

301 1109 558 1162 sermones
577 1094 639 1140 de
659 1109 742 1150 eo,
798 1110 893 1156 qvo
918 1102 1179 1141 terrarum
1194 1096 1316 1158 jam
1343 1095 1675 1151 advenerint,
1723 1110 1899 1141 verum
1935 1093 2023 1139 ubi
2056 1095 2261 1151 illuxit,
2312 1095 2452 1141 hanc

235 1189 237 1193 '
300 1189 496 1233 terram
523 1197 630 1227 esse
650 1180 964 1228 Hiberniam
999 1198 1291 1245 cognovere.
1382 1184 1429 1230 T
1424 1200 1509 1229 um
1532 1183 1668 1229 dixit
1692 1182 1891 1229 Ornus:
1925 1183 2032 1227 Hic
2051 1182 2198 1227 nobis
2220 1182 2451 1244 iniqvum

287 1267 412 1329 fore
442 1268 731 1331 hospitium
765 1278 1009 1331 autumo5
1071 1270 1157 1317 hic
1190 1271 1325 1316 enim
1364 1272 1507 1317 locus
1529 1273 1725 1334 procul
1757 1278 1981 1316 remotus
2002 1270 2068 1315 ab
2100 1270 2209 1316 illis
2238 1270 2449 1331 oppidis

296 1342 450 1417 atqve
463 1342 746 1417 portabas,
763 1356 850 1403 ubi
870 1358 1168 1420 peregrinis
1192 1367 1307 1403 tuta
1329 1364 1407 1404 es't
1418 1375 1561 1420 pax,
1585 1354 1800 1422 javae
1835 1358 1980 1404 nobis
2022 1359 2446 1420 qvemadmodum

295 1430 613 1489 testudinibus
626 1443 675 1507 *)
691 1460 836 1490 mare
848 1446 1057 1491 recessit
1069 1454 1221 1508 atqve
1242 1446 1296 1491 in
1319 1447 1473 1492 arido
1486 1463 1579 1492 nos
1591 1446 1799 1508 reliqvit
1811 1462 1829 1505 ,·
1850 1447 1942 1491 sed
1950 1445 2291 1491 Irlandorum
2312 1444 2444 1506 legi-

298 1529 391 1577 bus
409 1530 506 1576 hoc
528 1532 796 1579 convenire
816 1541 1045 1591 autumo,
1067 1541 1126 1583 ut
1152 1549 1323 1578 omnes
1347 1533 1480 1579 istas
1502 1550 1639 1595 ope-9,
1675 1549 1785 1594 qvae
1808 1532 1952 1578 nobis·
1967 1541 2170 1594 praesto
2189 1532 2309 1588 sint,
2339 1546 2444 1591 pro

294 1617 404 1665 suis
421 1618 605 1679 spoliis
623 1618 868 1675 habeant,
906 1628 1013 1664 tum
1037 1620 1172 1685 enim
1203 1636 1363 1665 naves
1384 1636 1490 1681 pro
1527 1620 1674 1665 bonis
1698 1620 1752 1663 in
1785 1620 1936 1663 littus
1972 1619 2144 1679 ejectis
2185 1625 2445 1677 occupant

294 1706 501 1768 qvando
521 1721 666 1751 mare
687 1706 835 1752 haud
857 1714 1062 1751 tantum
1087 1714 1336 1772 qvantum
1365 1722 1501 1751 nunc
1524 1723 1558 1751 a
1586 1707 1767 1768 puppi
1789 1705 2008 1751 recessit.
2101 1707 2298 1763 Olavus
2334 1704 2444 1748 illis

290 1792 390 1853 hoc
410 1793 561 1856 haud
592 1794 784 1839 damno
813 1794 1067 1854 futurum
1097 1794 1337 1839 asseruit.
1423 1794 1617 1840 Tamen
1650 1794 1803 1838 hodie
1842 1793 2086 1853 conspexi
2124 1792 2353 1838 homines
2387 1792 2441 1836 in

292 1870 578 1927 continenti
599 1872 907 1944 congregari
927 1890 1080 1944 atqve
1096 1882 1206 1928 'scio
1227 1876 1382 1943 hujus
1405 1882 1559 1928 navis
1582 1868 1863 1926 adventum
1886 1880 2240 1925 Hibernorum
2260 1888 2440 1924 atten-
2463 1927 2465 1929 ,

293 1968 484 2015 tionem
507 1969 562 2015 in
581 1984 633 2014 se
654 1970 963 2015 convertisse
970 1986 989 2029 ,-
1025 1969 1120 2015 hoc
1141 1986 1330 2031 qvoqve
1353 1969 1505 2014 hodie
1528 1968 1769 2029 comperi,
1791 1969 2015 2013 durante
2033 1968 2197 2013 maris
2222 1981 2435 2022 recessu,

291 2055 432 2117 'qvod
459 2056 647 2101 ostium
671 2055 915 2116 fluminis
945 2073 979 2101 a
1005 2057 1171 2102 latere
1214 2056 1368 2117 hujus
1399 2054 1754 2116 promontorii
1790 2053 1998 2114 patuit,
2058 2056 2284 2116 qvodqve
2319 2053 2438 2098 inde

289 2140 476 2202 facilis
496 2149 612 2187 erat
632 2158 858 2188 recessus
877 2159 1052 2205 aqvae,
1088 2143 1262 2205 itaque
1287 2142 1333 2187 si
1351 2142 1504 2188 navis
1530 2142 1702 2187 illaesa
1728 2149 1828 2198 est,
1875 2142 2099 2189 demissa
2130 2140 2311 2201 cymba
2335 2156 2440 2184 na-

293 2228 401 2277 vim
423 2245 481 2274 eo
494 2231 780 2291 perducere
793 2232 991 2293 placet.
1067 2231 1373 2292 Argillosus
1396 2237 1512 2275 erat
1520 2229 1730 2288 fundus
1762 2228 1850 2273 ubi
1882 2231 2107 2274 durante
2145 2228 2309 2272 maris
2349 2243 2436 2272 re-

295 2330 439 2362 cessu
460 2317 612 2361 navis
617 2304 883 2378 jacuerat,
907 2333 998 2363 nec
1017 2334 1151 2364 unus
1174 2317 1377 2380 qvidemv
1398 2316 1550 2362 navis
1564 2332 1708 2362 asser
1729 2325 1845 2361 erat
1868 2318 2037 2362 laesus.
2117 2316 2237 2361 Jam
2259 2314 2437 2359 navim
2476 2298 2477 2301 Ἰ

294 2400 350 2447 in
367 2401 555 2447 ostium
582 2404 873 2464 perduxere
907 2402 1060 2469 atqve
1095 2388 1385 2450 anchoram
1405 2405 1582 2464 jecere.
1686 2406 1912 2466 Vespere
1957 2392 2435 2465 appropinqvante,

286 2489 556 2536 'hominum
576 2490 1075 2552 magna'multitudo
1097 2493 1152 2538 in
1175 2493 1353 2537 littore
1378 2499 1719 2553 congregata,
1765 2494 1867 2537 duo
1907 2493 2089 2538 deinde
2121 2491 2224 2537 viri
2252 2488 2434 2551 cymba

292 2576 368 2623 ad
386 2574 564 2623 navim
583 2579 731 2637 vecti,
767 2589 1026 2643 rogantes,
1052 2581 1136 2644 qvi
1161 2580 1390 2626 homines
1412 2580 1550 2625 hanc
1583 2581 1760 2625 navim
1786 2579 2152 2642 gubernarent.
2238 2578 2436 2623 Olavus

287 2662 659 2724 respondebat,
706 2664 756 2713 &
781 2667 1506 2732 qvidemlingva‘hibet-nica,
1533 2679 1640 2730 'qva
1668 2669 1818 2713 illum
1842 2666 2255 2729 alloqvebantur.
2323 2663 2434 2709 Hi-

292 2748 443 2795 berni-
461 2759 634 2798 autem
660 2757 1046 2817 comperientes
1079 2774 1163 2803 eos
1198 2756 1428 2802 homines
1465 2772 1571 2800 esse
1598 2757 1871 2818 Norvag'os
1888 2790 1900 2814 ‚
1933 2755 2192 2817 rogabant
2214 2761 2271 2797 ut
2299 2753 2432 2811 leges

293 2837 635 2898 respicerent,
690 2842 883 2906 sibiqve
910 2860 1032 2905 opes
1061 2846 1342 2901 traderent,
1390 2843 1637 2905 simulqve
1669 2843 2044 2904 confirmabant
2072 2858 2145 2890 eo¹
2160 2846 2320 2905 pacto
2355 2837 2435 2882 nil

295 2921 458 2985 iniqui
482 2925 536 2972 in
568 2917 657 2974 eos*
679 2940 1049 2994 perpetratum
1080 2933 1174 2988 iri,
1209 2941 1486 2994 anteqvam
1511 2946 1601 2976 rex
1617 2947 1792 2977 eorum
1822 2945 2060 2977 caussam
2096 2926 2428 2991 cognovisset.

362 3133 403 3187 *)
436 3139 735 3191 testudinibus:
754 3145 927 3193 proprie
951 3143 1355 3194 Gasterosteis,·qvae
1378 3155 1455 3180 vox
1477 3154 1569 3179 cum
1595 3141 1724 3178 latine
1745 3140 1857 3177 nullo
1878 3138 1994 3176 modo
2026 3138 2114 3175 dici
2146 3142 2265 3187 qveat
2276 3162 2289 3179 ,
2335 3133 2434 3183 qvia

467 3216 606 3256 minus
637 3217 800 3257 videtur
830 3221 1064 3268 convenire,
1092 3221 1438 3270 permutationem
1467 3218 1719 3256 animalium
1742 3217 1812 3254 hic
1833 3217 1974 3253 utilem,
2006 3213 2269 3251 habebamus-
