2956 3854
1308 239 1393 298 47

264 397 450 467 verti't5
514 405 572 451 Izi
611 412 785 452 autem
834 412 988 452 erant
1020 404 1299 467 Asgautus
1342 413 1496 467 atqve
1544 406 1850 466 Tliorolfus3
1916 407 2027 454 lzaec
2060 425 2213 455 mane
2253 413 2429 472 primo

259 494 492 541 diluculo
526 492 848 540 accidebant.
906 491 1083 538 ·.Tum
1109 483 1387 556 Asgautus
1432 501 1587 556 atqve
1630 494 1914 554 Tlioroifus
1959 497 2014 541 in
2054 505 2237 545 tantas
2271 510 2426 546 erant

255 583 538 646 angustias
571 582 802 640 redacti,
855 588 915 626 ut
946 579 1015 626 ab
1041 580 1214 626 altero
1238 581 1406 628 latere
1432 582 1729 644 Ingjaldus,
1764 582 1831 628 ab
1867 584 2039 630 altero
2077 602 2196 635 vero
2219 588 2422 650 flumen

253 671 412 718 Laxa'
436 671 577 719 viam
597 657 965 730 praecluderet.
1037 667 1332 715 Altissima
1365 678 1484 716 erat
1512 686 1651 733 aqva
1671 670 1916 733 fluminis
1959 667 2009 718 δε
2042 682 2262 740 utraque
2293 678 2418 739 ripa

247 744 422 821 glacie
460 757 786 819 praecincta,
847 765 1046 820 patens
1082 774 1200 804 vero
1232 774 1372 820 aqva
1417 759 1472 805 in
1507 759 1703 817 medio,
1751 776 1999 822 magnum
2030 763 2291 810 transitus
2316 782 2420 827 pe-

251 829 475 892 riculum
505 844 746 891 habebat.
861 844 989 891 Tum
1040 846 1324 908 Thoroifus
1370 847 1686 910 Asgautum.
1720 848 1798 893 ita
1839 848 2105 896 allocutus
2143 860 2242 898 est:
2298 854 2419 900 Jam

251 934 397 982 nobis
429 936 566 981 duas
596 933 918 980 conditiones
952 932 1161 979 oblatas
1194 950 1302 982 esse
1337 937 1597 998 comperio
1610 954 1628 994 ,-
1686 936 1862 982 altera
1906 953 2031 985 sane
2080 948 2184 989 est:
2246 949 2304 986 ut
2335 959 2418 988 eos

250 1021 337 1067 lzic
361 1021 436 1077 ad
442 1020 673 1082 fluvium
693 1021 1010 1084 operiamur,
1035 1030 1190 1083 atqve
1222 1039 1315 1069 nos
1347 1024 1425 1070 ita
1461 1024 1818 1084 defendamus,
1856 1026 1936 1071 uti
1959 1035 2143 1072 nostra
2160 1027 2418 1090 fertfor-

251 1109 421 1155 titudo
439 1116 594 1171 atqve
611 1110 846 1168 animus,
890 1110 980 1156 sed
1011 1118 1184 1156 tamen
1225 1112 1396 1174 magis
1433 1112 1717 1159 timendum
1754 1121 1833 1160 est
1861 1112 2162 1176 [ngjaldum
2193 1133 2287 1163 nos
2312 1119 2414 1164 cito

249 1205 621 1263 superaturum
629 1214 648 1255 ,-
670 1199 847 1245 altera
871 1199 1100 1243 conditio
1124 1207 1229 1244 est:
1251 1207 1310 1243 ut
1334 1216 1427 1245 nos
1456 1201 1510 1245 in
1552 1217 1744 1263 aquam
1779 1201 2139 1263 demittamus,
2177 1205 2298 1251 licet
2321 1206 2416 1252 hoc

248 1259 352 1332 tion
397 1284 641 1331 videatur
684 1286 794 1332 sine
831 1259 1087 1349 p‘ericalo.
1187 1286 1464 1349 Asgautus
1509 1290 1670 1334 dixit:
1723 1290 1835 1336 liceo
1886 1278 1940 1335 in
1975 1291 2122 1337 illius
2151 1302 2415 1354 potestate

232 1362 474 1433 fia‘i'u'ka,'
511 1368 601 1419 nec
629 1367 682 1420 se
714 1371 864 1420 ilhum
902 1366 1236 1434 relicturum,
1295 1378 1555 1423 utrumvis
1586 1378 1772 1424 horum
1812 1380 2149 1425 consiliorum
2174 1385 2412 1443 amplec-
2461 1425 2464 1429 .

241 1439 457 1508 'veretum
534 1462 816 1522 Thoroffus
838 1464 1140 1523 respondit:
1188 1465 1262 1510 ad
1298 1479 1504 1519 amnem,
1537 1481 1631 1511 nos
1663 1474 2024 1514 convertamus
2040 1484 2059 1526 ,-
2107 1465 2158 1514 8<
2189 1469 2266 1515 ita
2290 1473 2410 1533 qui-

246 1549 360 1604 dem
369 1549 646 1609 fecerunt3
672 1551 915 1597 vestitum
930 1551 1006 1596 ita
1023 1567 1397 1613 comparavere
1411 1562 1469 1599 ut
1488 1569 1640 1614 qvam
1660 1554 1884 1618 maxime
1899 1564 2068 1600 essent
2082 1557 2157 1602 ad
2176 1559 2410 1604 nandum

245 1636 489 1699 effpediti,
521 1644 724 1699 tumqve
743 1654 772 1694 e
786 1639 962 1699 glacie
988 1640 1043 1684 in
1074 1640 1283 1684 alveum
1297 1647 1542 1699 apertum
1557 1656 1665 1686 sese
1680 1641 1975 1702 dejecerunt
1993 1644 2068 1687 ad
2082 1645 2408 1701 natandum,-

181 1752 183 1755 ·
244 1733 431 1796 etwcum
453 1724 686 1788 homines
716 1734 884 1771 essent
905 1724 1162 1786 fortes&
1181 1726 1530 1785 fortunatum
1547 1728 1735 1787 fatum
1777 1730 2064 1792 longiorem
2089 1731 2214 1791 ‘illis
2247 1733 2409 1778 vitam

243 1795 573 1882 destinasset,
595 1829 798 1859 amnem
810 1821 1110 1873 transnare,
1134 1823 1185 1861 et
1196 1816 1488 1879 marginem
1506 1816 1895 1878 conglaciatam
1916 1819 1970 1864 in
1990 1820 2236 1882 opposita
2246 1831 2410 1882 parte

243 1896 519 1950 ascendere
548 1902 782 1964 contigit.
866 1903 986 1957 Hoc
1024 1904 1197 1951 eodem
1217 1903 1338 1963 sere
1377 1913 1607 1964 tempore
1624 1904 1842 1964 factum
1871 1916 1972 1965 est,
2023 1916 2081 1954 ut
2112 1909 2196 1953 illi
2203 1909 2405 1970 flumen

184 1977 188 1980 ἱ
243 1984 642 2038 transnaverint
673 1986 1021 2051 &Ingja'ldus
1047 2007 1159 2035 cum
1181 1991 1335 2037 sociis
1359 1993 1434 2037 ad
1463 1992 1691 2036 alteram
1715 1993 1960 2053 fluminis
1978 1997 2154 2056 ripam
2175 2000 2403 2044 advene-—

243 2079 331 2123 rit.
409 2078 538 2123 Tum
558 2077 840 2137 Ingjaldus
874 2079 1038 2122 socios
1073 2078 1149 2121 ita
1182 2077 1576 2139 alloqvebatur:
1624 2081 1761 2137 Qvicl
1777 2082 1898 2142 jam
1933 2084 2140 2128 consilii
2183 2086 2404 2145 capien-

243 2163 402 2215 dum?
430 2180 552 2210 num
572 2164 744 2210 amnis
758 2165 1088 2225 experienda,
1111 2180 1183 2208 an
1199 2163 1337 2210 non?
1364 2165 1462 2210 Illi
1474 2166 1571 2211 lioc
1590 2167 1644 2211 in
1661 2167 1808 2212 illius
1814 2169 1942 2228 fore
1949 2179 2232 2231 potestate,
2257 2190 2340 2233 seq
2350 2191 2403 2219 ve

242 2253 390 2316 illius
390 2252 685 2313 prudentia
718 2268 904 2297 usuros
928 2269 1049 2309 esse,
1083 2250 1474 2311 confirmarunt,
1512 2260 1686 2299 tamen
1713 2257 1823 2300 sine
1849 2257 1971 2301 vitae
1984 2259 2225 2319 periculo
2243 2277 2403 2322 posse

227 2341 429 2403 flumen
463 2337 687 2384 transiri
725 2347 1001 2401 negarunt.
1079 2340 1361 2402 Ingjaldus
1399 2340 1496 2386 lzoc
1528 2357 1704 2388 verum
1737 2342 2006 2403 afirmavit
2039 2343 2089 2394 8(
2119 2365 2152 2393 a
2175 2349 2401 2409 flumine

236 2416 608 2488 revertendum.
698 2427 982 2488 Thorolfus
1021 2436 1196 2473 autem
1230 2424 1281 2474 8<
1309 2427 1733 2490 Asgautus‘cum
1771 2431 2035 2493 viderent,
2094 2438 2401 2499 Ingjaldmn

240 2511 562 2579 atqoeillius
585 2517 750 2562 socios
775 2514 977 2577 flumen
1007 2532 1110 2560 non
1135 2510 1496 2578 aggressuros,
1542 2535 1733 2581 aquam
1749 2522 1981 2581 primum
2010 2541 2036 2568 e
2059 2526 2283 2572 vestibus
2308 2546 2398 2574 ex-

233 2600 828 2668 presserunt&‘deinde
853 2605 907 2648 in
928 2604 1069 2650 viam
1097 2620 1204 2650 sese
1228 2605 1494 2664 dederunt,
1520 2603 1683 2668 &per
1702 2617 1872 2656 totam
1895 2611 2028 2657 diem
2042 2615 2290 2674 profecti,
2311 2634 2399 2662 ve-

237 2691 798 2756 spere-Saudafe'llum
829 2707 1135 2754 pervenere,
1200 2691 1281 2739 -ibi
1332 2691 1545 2755 benigne
1597 2698 1799 2759 excepti
1814 2714 1832 2757 ,-
1897 2715 2021 2745 nam
2060 2701 2244 2748 ibidem
2284 2713 2400 2748 erat

226 2790 503 2835 'commune
552 2781 787 2828 omnibus
837 2781 1139 2843 hospitium.
1253 2781 1447 2828 Eodem
1501 2799 1713 2846 vespere
1763 2786 2040 2849 Asgautus
2093 2790 2398 2850 [l'lzorolsum

236 2871 576 2933 Raudanum
606 2871 789 2917 statim
813 2871 1065 2928 convenit,
1084 2879 1494 2933 praesentemqve
1534 2888 1730 2919 omnem
1759 2890 1930 2921 rerum
1967 2885 2164 2923 statum
2204 2895 2398 2924 memo—

237 2959 409 3014 ravit,
444 2960 882 3022 consangvineam
906 2960 1002 3005 ‚illi
1029 2961 1083 3007 V
1083 2960 1307 3023 igdisam
1343 2959 1479 3004 hunc
1512 2959 1791 3019 hominem,
1839 2963 1924 3025 qvi
1954 2981 2067 3011 cum
2095 2966 2210 3028 ipso
2233 2969 2397 3013 adve-

237 3031 416 3102 nerat,
462 3047 608 3092 illius
637 3049 839 3093 auxilio
874 3058 1027 3110 atqve
1052 3048 1187 3109 fidei
1218 3050 1613 3107 commendasse,
1653 3050 1809 3095 simul
1836 3053 2009 3099 omnia
2031 3056 2238 3116 negotia
2264 3056 2398 3100 iuter

237 3133 542 3196 Ingjaldum
566 3142 720 3196 atqve
749 3136 1011 3183 leordum
1036 3138 1274 3184 Goddum
1298 3138 1572 3191 enarravit
1579 3171 1596 3198 ‚‚
1645 3139 1830 3186 deinde
1859 3140 2011 3204 signa
2031 3144 2263 3205 protulit
2289 3159 2399 3206 qvae
