2956 3854
1264 265 1386 322 171

238 455 370 504 ceps.
409 437 560 484 Coelo
593 435 800 483 mitiore
820 436 996 497 sacto,
1024 430 1510 495 magnabominum
1530 433 1815 481 multitudo
1836 434 1975 498 regis
2005 434 2190 482 nuntio
2221 451 2408 482 evoca-
2459 439 2464 443 '

237 529 396 576 tavad
415 526 590 574 urbem
617 524 866 585 convenit.
935 522 1104 570 Multi
1137 522 1192 568 in
1221 522 1267 568 T
1263 520 1572 567 randlze'imo
1605 523 1889 579 christiani
1899 525 2047 588 facti
2055 559 2072 583 ,
2112 525 2206 586 illi
2235 533 2408 571 tamen

229 617 418 682 plures
451 616 538 679 qvi
578 613 971 678 christianismo
1010 611 1501 676 tergiversarentur.
1571 610 1772 676 Aliqva
1811 613 1894 659 die
1927 623 2181 661 conventu
2218 615 2272 661 in
2306 627 2407 676 op..

227 707 390 771 pido,
449 706 504 750 in
525 703 711 765 Eyris,
771 710 1080 759 convocato,
1131 717 1221 748 rex
1260 701 1322 747 de
1360 700 1611 762 religione
1636 702 1806 747 multa
1834 711 1985 765 atqve
2012 704 2210 750 diserta
2249 703 2405 752 verba

216 775 373 862 fecit.
460 778 654 854 Ingens
695 807 754 837 eo
793 784 1122 854 confluxerat
1159 789 1445 836 multitudo
1483 789 1922 850 Throndensium,
1980 793 2062 855 qvi
2094 794 2205 856 regi
2237 810 2406 840 secum

231 871 445 930 manum
486 881 787 946 conserendi
823 863 1086 943 optionem
1115 879 1366 926 obtulere.
1456 880 1571 926 Rex
1606 879 1729 925 illos
1766 879 1862 926 lzoc
1897 860 2148 944 reputare
2174 867 2406 942 jubebat,

232 973 368 1037 qvod
403 972 603 1018 maiore
637 986 752 1016 cum
784 970 838 1018 vi
877 968 1220 1032 conflixisset,
1298 984 1451 1031 qvam
1494 967 1737 1013 barbarae
1784 966 2197 1016 lerondensium
2230 972 2406 1033 gentis

228 1069 377 1109 esset.
416 1126 418 1130 Ι
461 1061 591 1109 Tum
629 1059 761 1107 cives
788 1058 1068 1121 perterriti
1099 1073 1296 1115 omnes,
1355 1072 1437 1102 res
1468 1057 1522 1102 in
1557 1056 1695 1118 regis
1719 1065 2040 1119 potestatem
2070 1059 2405 1119 deferebant,-

228 1160 437 1215 tumqve
469 1148 627 1196 multi
666 1147 919 1194 mortales
954 1146 1234 1209 baptizati.
1334 1146 1549 1192 Solutus
1589 1138 1776 1192 deinde
1816 1156 2108 1203 conventus.
2208 1149 2407 1195 Eodem

224 1255 436 1303 vespere
471 1254 562 1286 rex
593 1238 670 1284 ad
698 1237 1039 1284 Islandorum
1073 1235 1362 1298 hospitium
1398 1235 1648 1299 qvosdam
1682 1252 1894 1282 suorum
1926 1237 2221 1300 delegatos,
2285 1237 2408 1301 qvid

226 1329 442 1401 ,lelandi
476 1329 836 1391 loqverentur,
898 1325 1178 1388 explorare
1204 1323 1439 1388 jubebat.
1528 1325 1626 1370 Illi
1659 1325 1856 1388 qvidem
1895 1326 1972 1370 ita
1999 1326 2203 1386 fecere:
2258 1326 2405 1371 mul-

233 1395 319 1467 tus
343 1417 415 1464 ibi
437 1417 705 1479 strepitus.
785 1416 1087 1479 Kjartanus
1114 1400 1226 1460 ¹tum
1251 1413 1490 1460 Bollium
1526 1413 1795 1460 allocutus
1826 1415 1905 1459 ita
1939 1431 2094 1461 orsus
2128 1423 2231 1461 est:
2281 1432 2404 1461 num

233 1510 322 1567 tu,'
368 1507 617 1570 cognate!
669 1503 906 1551 lubenter
931 1504 1083 1549 illum
1104 1503 1336 1565 accipies
1361 1488 1549 1561 ritum,
1605 1519 1749 1566 qvem
1780 1519 1870 1550 rex
1897 1488 2205 1550 annuntiat.
2290 1505 2401 1567 Ego

230 1596 380 1644 haud
409 1608 536 1642 sane
563 1593 798 1641 lubenter
829 1575 1120 1656 accipiam,
1168 1593 1305 1638 dixit
1327 1578 1566 1638 Bollius:
1621 1591 1714 1636 ille
1743 1593 1879 1637 enim
1914 1592 2046 1637 milii
2076 1593 2211 1638 ritus
2248 1595 2404 1640 valde

226 1674 581 1749 effic-minatus
606 1682 827 1731 videtur.
908 1683 1210 1745 Kjartanus
1232 1680 1368 1726 dixit
1376 1696 1396 1740 ‚-
1447 1695 1620 1726 nonne
1646 1679 1792 1727 vobis
1825 1697 1915 1727 rex
1940 1680 2051 1726 illis
2077 1681 2220 1726 visus
2236 1682 2403 1726 mini-

225 1764 363 1834 tari,
398 1773 710 1837 qvinollent
732 1787 844 1817 sese
864 1770 1016 1816 illius
1037 1769 1340 1817 submittere
1361 1767 1663 1817 voluntati?
1726 1770 1944 1815 vBollius
1965 1770 2131 1816 dixit:
2162 1770 2262 1816 Jzoc
2287 1770 2405 1833 qvi-

226 1865 342 1927 dem
367 1878 457 1910 rex
489 1862 638 1908 haud
664 1859 1312 1923 obscure-obloquebatur„
1338 1860 1470 1922 qvod
1497 1859 1946 1905 talibusmaxima
1966 1861 2116 1906 mala
2138 1860 2405 1905 subeunda

215 1952 419 2014 forent.
491 1952 742 2014 Nolo'ego
765 1950 964 2014 quidem
995 1948 1062 1993 ab
1096 1949 1206 1995 ullo
1233 1950 1444 1996 Izomine
1468 1932 1605 2011 cogi,
1637 1949 1773 1994 dixit
1794 1950 2120 2012 Kjartanus,
2152 1948 2405 2011 ‹qvamdiu

230 2049 396 2088 erecto
418 2055 635 2103 corpore
661 2038 841 2084 standi
861 2054 929 2082 ac
950 2053 1103 2083 arma
1121 2039 1370 2099 gestandi
1387 2038 1551 2084 robur
1566 2037 1703 2083 mihi
1723 2045 1965 2098 superest
1974 2054 1991 2096 5
2016 2046 2065 2082 et
2085 2053 2216 2082 sane
2243 2037 2404 2100 mise-f

230 2146 347 2176 rum
355 2129 558 2192 judico,
570 2127 618 2172 si
639 2127 1249 2190 qvemadmodumagnus
1264 2141 1330 2172 ex
1344 2127 1646 2189 agnili3-aut
1658 2128 1841 2188 vulpes
1857 2143 1889 2172 e
1904 2126 2150 2188 decipula
2170 2140 2404 2187 caperer.

229 2219 394 2266 Illam
407 2233 533 2263 sane
547 2215 890 2262 conditionem
911 2215 1442 2274 melioremarbitror,
1462 2216 1508 2261 si
1531 2216 1733 2279 qvidem
1748 2215 2077 2261 vmoriendum
2094 2223 2189 2273 est,
2205 2214 2409 2276 aliqvid

225 2315 388 2355 antea
409 2313 742 2368 perpetrare,
777 2303 1095 2363 cuius-sama
1125 2304 1284 2364 longa
1296 2312 1427 2365 post
1443 2303 1699 2351 memoria
1723 2305 2030 2351 retineatur.
2075 2304 2292 2351 Bollius
2317 2304 2405 2350 di·-

223 2396 332 2443 xit:
352 2394 485 2458 ¹qvid
499 2394 595 2440 tibi
610 2393 1060 2454 tunc-faciendum
1079 2409 1196 2439 rere
1209 2391 1234 2438 Ρ
1256 2393 1322 2440 H
1321 2409 1483 2455 ocego
1503 2395 1684 2440 nullus
1695 2393 1914 2451 coelabo,
1932 2394 2072 2442 dixit
2087 2395 2403 2456 KjartanuS,

226 2500 396 2547 regem
417 2484 471 2530 in
493 2484 648 2529 domo
664 2482 1069 2530 comburendum
1085 2499 1281 2528 censeo.
1316 2484 1492 2530 Haud
1507 2500 1604 2546 ego
1629 2484 1725 2530 hoc
1741 2483 2113 2546 pusillanimis
2128 2482 2404 2529 consilium

216 2573 432 2639 judico3
468 2588 644 2620 verum
665 2564 867 2631 tamen,
908 2580 1156 2636 qvantum
1189 2589 1281 2635 ego
1306 2573 1608 2635 praevideo,
1638 2573 1741 2619 hoc
1762 2589 1888 2619 sane
1906 2573 2060 2619 Jz-aud
2082 2574 2186 2619 erit
2206 2587 2403 2634 perpe-

232 2671 433 2710 tratum
442 2679 462 2721 5
492 2679 692 2725 magna
709 2663 850 2708 enim
877 2663 1018 2725 regis
1021 2662 1273 2722 fortuna,
1297 2661 1666 2724 illiqvefatum
1680 2663 1958 2726 benignum
1979 2672 2071 2721 est,
2090 2661 2254 2724 firma
2275 2675 2403 2723 qvo—

233 2768 320 2816 qve
342 2752 389 2798 ei
415 2752 653 2798 custodia
669 2760 725 2798 et
741 2760 902 2798 noctu
928 2760 984 2798 >et
1007 2751 1251 2798 interdiu.
1305 2751 1607 2813 Kj‘artanus
1621 2751 2195 2815 plerisqveaudaciam
2213 2751 2401 2806 deesse,

233 2839 442 2885 etiamsi
458 2849 782 2903 praestantes
803 2850 976 2888 essent
992 2841 1112 2898 viri,
1142 2841 1427 2887 contendit.
1477 2842 1691 2889 Boltius
1709 2842 1967 2888 incertum
1988 2856 2101 2887 esse
2129 2838 2279 2894 dixit,
2317 2837 2402 2900 qvi

233 2928 456 2975 maxime
490 2932 734 2984 audaciae
758 2931 995 2991 desectus
1022 2930 1411 2977 insimulandus
1437 2939 1590 2976 esset.
1674 2931 1842 2977 Multi
1870 2946 1987 2983 vero
2021 2928 2235 2974 inutiles
2265 2927 2400 2972 istos

233 3026 354 3063 esse'
375 3033 629 3066 sermones
663 3020 1057 3067 contendebant.
1134 3021 1286 3078 Qvod
1319 3019 1406 3066 ubi
1430 3020 1861 3082 exploratoribus
1893 3019 2052 3082 regiis
2082 3024 2400 3080 compertum

235 3114 311 3152 est
321 3140 339 3166 ,
385 3108 458 3152 ad
484 3122 649 3175 regem
683 3111 766 3156 illi
795 3110 1064 3166 redibant,
1102 3110 1324 3173 istosqve
1352 3126 1530 3156 vomnes
1552 3111 1768 3178 docuere
1799 3125 2074 3156 sermones.
2146 3106 2398 3154 Proxima

2036 3199 2086 3244 Y
2107 3213 2132 3242 2
