2956 3854
2 546 45 776 &figes
6 498 11 502 '

1297 226 1420 281 155

269 392 539 451 sustulere,
565 391 706 440 collo·
721 398 900 440 autem
923 391 1156 454 lapidem
1177 389 1496 452 alligabant.
1544 386 1672 439 Tum
1691 391 2045 456 Hallbjornus
2069 410 2248 445 versus
2270 398 2442 442 conti-
2482 396 2514 415 *¹

267 482 706 546 nentemglaucos
713 481 872 545 flexit
894 480 1085 535 oculos,
1109 478 1338 541 eqvidem
1362 485 1470 524 tum
1483 478 1639 525 valde
1654 487 1834 527 torvus
1851 491 2080 544 aspectu.
2116 484 2255 532 Dein
2268 486 2440 533 Hall.

266 571 479 635 bjornus
498 572 576 617 ita
598 572 803 617 locutus
817 587 832 617 :
850 568 1104 628 Infausta
1127 568 1324 630 qvidem
1349 567 1447 613 illa
1465 566 1719 627 dies,.cum
1731 576 1914 615 nostra
1925 586 2054 632 gens
2064 572 2440 620 Kambsnesum

263 661 338 707 ad
357 660 688 708 leorleikum
700 656 1004 722 perveniret
1012 673 1032 716 ,·
1070 656 1167 703 lzoc
1183 657 1408 721 ideoqve,
1445 656 1628 718 inqvit,
1663 656 1794 703 milii
1817 653 1919 704 erit
1942 667 2118 706 votum
2144 670 2348 708 ratum:
2381 667 2454 708 ut*

268 736 575 796 Thorleikus
588 754 718 809 post
740 728 852 793 liceo
874 762 1082 809 paucos
1117 744 1269 792 'laetos
1303 745 1412 791 dies
1435 746 1594 807 degat
1619 744 1830 806 ibidem,
1867 754 2020 811 utqve
2044 765 2242 807 omnes,
2278 750 2359 813 qvi
2385 750 2440 797 in

263 836 411 883 illius
436 815 605 882 locum
630 836 913 882 succedant
921 831 949 895 ,'
990 835 1194 896 infelici
1220 833 1292 879 ibi
1316 832 1625 881 habitaculo
1654 842 1879 882 utantur
1889 852 1908 897 3
1969 852 2061 883 nec
2090 838 2228 884 illud
2263 831 2439 886 votum

260 922 446 988 effectu
464 923 696 970 caruisse
712 925 887 972 visum
910 933 1002 971 est.
1075 924 1182 973 Illo
1204 923 1390 969 deinde
1414 921 1677 969 submerso
1699 924 1774 970 ad
1795 932 1992 970 terram
2013 927 2224 973 rediere.
2262 929 2437 974 Paulo

254 1021 384 1076 post
409 1013 622 1061 Hrutus
660 1007 905 1069 ,Οῐαμιιὴξι8
929 1021 1210 1075 cognatum
1248 1026 1397 1056 suum
1431 1012 1707 1071 convenit,
1760 1011 2032 1075 ,dixitqvoe
2108 1013 2438 1066 Thorleikum

259 1102 408 1167 haud
432 1101 764 1166 sufficientem
783 1101 985 1165 dedisse
1001 1116 1259 1164 poenam,
1307 1099 1549 1162 illumqve
1573 1100 1796 1163 rogavit,
1840 1109 1898 1146 ut
1920 1100 2272 1152 hominestsibi
2295 1118 2437 1148 com-

255 1198 509 1255 pararet,
555 1189 850 1253 qvibuscum
882 1189 1216 1236 leorleikum
1250 1189 1642 1251 aggrederetur.
1721 1191 1920 1237 Olavus
1943 1191 2245 1253 respondit:
2290 1191 2438 1237 haud

257 1262 401 1339 saness
416 1260 600 1342 inqvit,
625 1258 886 1336 convenit,
922 1295 1014 1326 vos
1028 1285 1279 1340 cognatos
1302 1275 1484 1323 litibus
1506 1280 1827 1339 contendere,
1863 1288 1914 1326 et
1934 1279 2046 1325 lzaec
2070 1279 2270 1342 qvidem
2294 1295 2375 1326 res
2398 1295 2433 1324 a

264 1361 533 1416 Thur-leiki
543 1351 708 1430 parte
734 1346 938 1427 infelici
945 1368 1077 1428 sato
1098 1374 1250 1430 gesta
1277 1374 1355 1413 est
1364 1383 1383 1426 ,-
1418 1382 1511 1414 vos
1527 1368 1714 1429 potius
1734 1368 2076 1414 reconciliare
2100 1367 2430 1414 studebimus.

264 1452 342 1504 Tu
356 1456 557 1519 qvidem
571 1471 711 1521 soepe
731 1464 876 1502 tuum
884 1456 979 1519 jus
993 1436 1083 1501 diu
1099 1464 1150 1501 et
1164 1456 1335 1502 multa
1350 1471 1464 1501 cum
1476 1456 1918 1518 magnanimitate
1929 1456 2255 1520 exspestasti.
2276 1457 2434 1503 Hru-

260 1545 534 1593 tusdixit:
568 1544 666 1591 lzoc
690 1545 893 1608 qvidem
922 1545 1230 1592 tentandum
1251 1559 1356 1590 non
1377 1552 1479 1604 est,
1529 1561 1793 1608 nunqvam
1824 1547 1960 1592 enim
1994 1548 2131 1593 inter
2162 1562 2256 1591 nos
2290 1545 2431 1590 i-nte-

253 1650 358 1698 gra
393 1634 497 1681 erit
524 1633 765 1679 amicitia
784 1630 834 1678 ὅ(
855 1649 983 1679 sane
1016 1631 1219 1696 qvidem
1252 1632 1435 1679 vellem
1466 1648 1530 1678 ne
1565 1641 1777 1697 uterqve
1806 1642 2040 1686 nostrum
2071 1633 2309 1696 posthaec
2340 1634 2432 1679 diu

258 1724 316 1773 in
346 1722 665 1770 Laxardalo
699 1720 914 1767 habitet.
1012 1721 1212 1767 Olavus
1249 1721 1550 1783 respondit:
1600 1722 1750 1769 haud
1779 1723 1874 1769 tibi
1904 1722 2026 1774 bene
2066 1723 2208 1768 cedet
2258 1722 2305 1768 T
2300 1721 2431 1767 lior-

257 1811 390 1860 leiko
409 1811 539 1874 plus
546 1810 816 1871 facessere
839 1809 1060 1872 negotii,
1109 1825 1260 1872 qvam
1291 1826 1382 1872 ego
1414 1811 1692 1858 concedam
1702 1828 1721 1874 5
1776 1812 1958 1876 qvodsi
1975 1811 2201 1872 feceris,
2242 1810 2432 1858 verisi-

257 1885 381 1949 mile
417 1900 615 1964 qvidem
647 1907 725 1947 est
763 1898 1000 1947 vallim
1035 1898 1198 1944 colli
1234 1914 1680 1956 occursuram.
1770 1902 1983 1948 Hrutus
2009 1902 2132 1965 jam
2171 1899 2431 1946 intellexit

259 1989 413 2038 illum
436 2006 543 2035 esse
579 1988 929 2045 obstinatum,
981 1988 1188 2032 domum
1219 1995 1393 2034 tamen
1428 1989 1587 2034 rediit
1621 2005 1759 2052 aeger
1791 1990 1967 2035 animo
1978 2005 1997 2049 ,-
2054 1989 2229 2034 omnia
2257 1997 2430 2033 tamen

245 2079 369 2143 fere
394 2078 567 2142 qvieta
591 2085 641 2124 et
655 2077 918 2140 proximis
941 2076 1146 2139 qvidem
1169 2076 1328 2122 annis
1352 2076 1435 2124 nil
1445 2084 1649 2140 gestum
1672 2078 1920 2124 memoria
1944 2078 2172 2140 dignum.

1054 2290 1229 2360 CAP.
1271 2300 1626 2361 XXXVIII.

524 2407 681 2498 Jam
697 2435 758 2481 de
769 2433 1026 2496 Stigando
1045 2434 1454 2492 memorandum,
1490 2434 1622 2496 qvod
1635 2432 1726 2480 ille
1732 2434 1923 2495 factus
1936 2442 2013 2482 est
2026 2434 2168 2481 latro
2176 2431 2429 2497 pervica—

259 2519 507 2568 cissimus.
536 2524 774 2571 leordus
787 2531 905 2569 erat
927 2538 1110 2568 nomen
1126 2522 1255 2580 viro,
1276 2521 1689 2584 qviHundadali
1703 2522 1779 2586 (in
1792 2520 2162 2585 vallecanum)
2177 2521 2428 2582 liabebat5

259 2610 405 2658 dives
437 2611 528 2658 ille
561 2613 643 2660 vir
680 2629 772 2661 nec
806 2611 988 2675 magni
1023 2609 1204 2656 animi.
1273 2610 1356 2657 Ea
1389 2619 1575 2659 aestate
1606 2612 1663 2658 id
1700 2612 1823 2660 novi
1856 2612 2180 2660 Hundadali
2217 2610 2427 2666 accidit,

260 2706 322 2745 ut
348 2715 543 2762 pecora
590 2702 747 2748 solito
789 2701 962 2748 minus
1000 2701 1085 2746 lac
1114 2694 1430 2762 praeberent.
1516 2699 1718 2747 Mulier
1754 2701 1827 2748 ibi
1853 2692 2051 2764 pecora
2092 2698 2427 2747 custodiebat.

258 2787 379 2835 Hoc
401 2799 720 2852 compertum
742 2799 834 2850 est,
870 2791 1005 2854 qvod
1025 2790 1124 2835 illa
1146 2789 1316 2835 multa
1339 2788 1545 2835 cimelia
1568 2790 1982 2853 adipiscebatur,
2009 2799 2059 2837 et
2086 2789 2282 2852 saepius
2299 2802 2430 2834 eva—

261 2876 528 2934 noscebat,
572 2897 663 2927 nec
684 2881 785 2927 ulli
793 2881 914 2941 fuit
935 2887 1138 2936 notum,
1183 2877 1270 2924 ubi
1288 2885 1600 2926 moraretur.
1679 2879 1727 2925 T
1721 2879 1919 2931 hordus
1943 2879 2154 2935 colonus
2181 2877 2332 2923 illam
2358 2876 2434 2922 ad

262 2963 364 3029 lzoc¹
387 2966 729 3026 confitendum
761 2968 988 3032 cogebat.
1058 2968 1334 3016 Exterrita
1368 2975 1544 3017 autem
1574 2968 1764 3014 mulier
1785 2967 2036 3030 professa
2071 2967 2240 3014 virum
2276 2964 2429 3024 illam

264 3054 532 3102 convenire
562 3059 750 3120 solere,·
785 3075 1007 3124 magnae,
1043 3057 1225 3121 inqvit‚
1275 3064 1502 3104 staturoe
1540 3055 1623 3105 vir
1661 3056 1887 3121 miliiqve
1923 3064 2169 3105 venustus
2208 3053 2428 3108 videtur.

2066 3145 2114 3191 U
2134 3159 2161 3189 2
