2956 3854
1221 232 1223 235 ’
1285 230 1411 287 12¹7

256 404 372 465 kga
382 400 455 450 vit
480 399 744 461 honorem,
780 407 839 447 ut
860 398 999 447 hunc
1022 397 1119 446 tibi
1141 398 1408 459 adferrem
1433 398 1676 445 nuntium
1700 395 1751 445 8<
1770 398 1931 446 simul
1952 402 2178 464 rogavit,
2216 411 2275 449 ut
2298 419 2435 451 sem-

248 507 349 554 per
380 492 533 555 apud
559 507 653 538 nos
683 490 1040 553 hospitarere,
1095 488 1303 551 qvando
1341 496 1438 533 aut
1470 489 1621 534 domo
1655 496 1752 533 aut
1792 490 1999 535 domum
2022 489 2428 551 proficiscerem-

253 580 444 657 Gestus
469 579 758 642 hospitium
788 579 945 638 laetus
953 575 1209 639 accepit,
1256 583 1307 622 et
1327 592 1636 638 generosum
1662 576 1800 622 hunc
1822 578 2081 623 muntium
2104 579 2427 641 adfirmavit,

248 684 429 716 verum
460 676 634 714 tamen
663 667 742 712 ita
771 682 825 713 se
854 665 954 726 iter
974 651 1284 726 facturum,
1318 664 1400 710 uti
1419 664 1541 729 jam
1567 664 1898 722 instituisset.
1968 666 2232 714 Gudruna
2267 669 2428 717 dixit.

246 757 417 827 multa
435 749 570 800 mihi
586 751 689 801 hac
710 753 934 818 hyeme
915 770 970 799 111
996 753 1213 800 somniis
1239 754 1382 812 visa,
1439 762 1666 817 qvatuor
1686 762 1863 801 autem
1887 755 2090 801 somnia
2119 766 2268 814 sunt,
2315 774 2445 822 qvae-

245 839 467 891 multum
506 843 637 889 mihi
658 858 809 889 curce
848 842 1124 903 suscitent,
1187 859 1278 891 nec
1317 842 1384 890 ab
1424 843 1536 891 ullo
1587 843 1793 890 lzomine
1839 844 1918 889 ita
1962 844 2069 890 sint
2113 847 2426 908 explanata,

244 933 324 979 uti
359 932 491 979 mihi
520 933 774 995 placeat5
820 949 912 979 nec
943 935 1036 995 ego
1075 940 1250 979 tamen
1273 933 1518 995 postulo,
1564 941 1624 978 ut
1665 932 1763 977 illa
1809 932 1940 978 mihi
1977 949 2037 978 ex
2073 940 2192 980 voto
2231 935 2426 995 expla-

243 1029 450 1088 nentur.
506 1022 670 1073 'Tunc
697 1023 908 1068 Gestus:
964 1022 1223 1084 eloqvere,
1272 1022 1466 1084 inqvit,
1513 1021 1717 1068 somnia
1747 1029 1867 1076 tua,
1901 1020 2029 1081 fieri
2063 1022 2198 1067 enim
2227 1029 2424 1082 potest,

242 1119 302 1175 ut
314 1111 493 1176 aliquo
504 1117 670 1173 pacto
692 1109 1112 1172 interpretemur.
1153 1111 1412 1157 Gudruna
1428 1110 1593 1156 dixit:
1614 1107 1760 1170 foris
1782 1110 1933 1171 apud
1951 1109 2181 1156 rivulum
2197 1110 2424 1172 aliqvem

239 1207 423 1246 astare
446 1198 579 1244 1111]ιί
603 1197 718 1246 visa
744 1215 884 1258 sum,
932 1199 1253 1263 cidarimqve
1293 1201 1558 1245 aduncam
1589 1181 1738 1244 haud
1766 1198 1888 1245 bene
1908 1197 2210 1259 formatam
2246 1199 2422 1261 capite

234 1274 444 1351 gestare
480 1294 531 1335 et
565 1303 658 1350 ego
688 1288 892 1351 qvidem
925 1288 1199 1352 cupiebam
1229 1288 1454 1334 cidarim
1477 1296 1817 1350 permutare,
1881 1287 2064 1333 multis
2101 1287 2417 1334 dissvaden-

207 1360 402 1439 ¹tibus,
427 1385 545 1439 'ego
578 1385 756 1423 autem
786 1393 849 1423 ea
874 1393 1074 1439 parum
1114 1394 1308 1424 curans
1343 1378 1568 1423 cidarim
1599 1394 1625 1423 e
1662 1377 1839 1438 capite
1867 1375 2137 1422 sublatam
2173 1377 2227 1421 in
2264 1376 2416 1422 rivu—

236 1464 346 1512 lum
365 1465 584 1528 conjeci,·
631 1481 722 1512 nec
750 1465 848 1512 hoc
874 1467 1077 1529 qvidem
1116 1467 1371 1512 somnium
1397 1466 1682 1529 prolixius.
1753 1467 2013 1512 Gudruna
2042 1465 2116 1510 sic
2131 1464 2414 1527 pergebat:

237 1549 451 1601 secundi
485 1554 674 1601 somnii
705 1555 845 1600 illud
870 1555 1227 1617 principium:
1273 1555 1417 1600 lacui
1449 1556 1659 1600 cuidam
1683 1563 1866 1600 astare
1888 1553 2129 1611 videbar,-
2179 1562 2286 1599 tum
2309 1570 2414 1603 αη-

235 1644 419 1693 nulum
442 1643 747 1707 argenteum
771 1643 826 1688 in
845 1659 1007 1689 manu
1034 1644 1304 1705 conspexi,
1342 1643 1493 1689 illum
1512 1658 1678 1688 meum
1702 1659 1808 1688 esse
1833 1650 1883 1688 et
1894 1641 2122 1705 perbene
2141 1642 2414 1688 convenire
2472 1692 2475 1694 ,

234 1730 588 1796 somniabam,
631 1732 677 1777 is
707 1731 841 1777 11117ιί
863 1732 1097 1777 annulus
1125 1733 1281 1778 valde
1300 1731 1567 1794 pretiosus
1595 1732 1753 1789 visus,
1786 1739 2077 1794 certumqve
2109 1739 2226 1776 erat
2260 1731 2413 1775 illum

231 1820 325 1877 diu
332 1819 643 1898 possidere,
709 1835 889 1866 verum
923 1836 1036 1867 cum
1074 1822 1183 1867 tale
1208 1822 1332 1884 qvid
1356 1821 1567 1866 minime
1598 1821 1854 1876 tim-erem,
1907 1821 2139 1866 annulus
2163 1820 2226 1865 de
2249 1833 2411 1864 manu

233 1898 289 1956 in
320 1888 493 1955 lacum
517 1908 739 1971 decidit,
789 1925 880 1955 nec
910 1910 1062 1955 illum
1079 1919 1272 1973 postea
1296 1926 1522 1972 unquam
1547 1910 1682 1968 vicli,
1729 1907 1779 1956 8<
1803 1910 1901 1955 lzoc
1933 1911 2134 1972 qvidem
2162 1909 2410 1953 damnum

231 1980 398 2046 multo
421 1997 591 2060 magis
626 2013 763 2059 oegre
793 1999 1027 2059 pertuli,
1063 2016 1217 2062 qvam
1246 1999 1604 2046 verisimiliter
1629 1999 1858 2060 alicujus
1886 1998 2111 2059 pretiosi
2131 1998 2409 2058 jacturam

225 2079 580 2150 pertulissem,
616 2086 802 2131 deinde
824 2105 850 2134 e
875 2103 1052 2132 somno
1075 2086 1360 2133 excitabar.
1436 2086 1626 2131 Gestus
1656 2076 2032 2150 respondebat:
2068 2086 2171 2132 hac
2205 2083 2406 2146 qvidem

232 2175 446 2223 re—sola
467 2175 565 2221 hoc
594 2174 848 2221 somnium
870 2175 1052 2237 priori
1088 2190 1192 2221 non
1227 2175 1376 2220 cedit.
1464 2175 1725 2221 Gudruna
1759 2192 1929 2239 porro
1966 2176 2044 2222 ita
2078 2172 2406 2235 loqvebatur:

235 2263 616 2327 Tertiummihi
632 2264 744 2323 suit
764 2263 1019 2309 somnium
1044 2263 1163 2309 hoc:
1227 2263 1362 2317 Visa
1387 2263 1518 2309 mihi
1542 2281 1655 2309 sum
1677 2281 1894 2311 aureum
1923 2265 2197 2327 possidere
2226 2278 2406 2309 annu-

229 2335 337 2414 lum
370 2360 778 2416 reparatumqve
808 2353 1058 2397 damnum
1088 2350 1398 2397 arbitrabar
1425 2349 1475 2398 ὃς
1500 2369 1626 2398 sane
1651 2354 1931 2415 sperabam
1954 2357 2125 2400 istunc
2147 2353 2406 2398 annulum

226 2457 307 2507 me
328 2441 531 2487 diutius
555 2457 709 2505 qvam
723 2441 960 2504 priorem
980 2457 1373 2503 possessuram,
1419 2457 1511 2487 neo
1546 2451 1721 2488 tamen
1749 2444 1887 2489 hunc
1907 2445 2204 2511 pretiosum
2226 2457 2403 2487 annu-

229 2512 338 2577 ium
360 2537 511 2576 tanto
534 2519 720 2576 melius
743 2531 1038 2589 convenire,
1076 2539 1267 2593 qvanto
1292 2547 1482 2576 aurum
1510 2540 1730 2594 argento
1757 2549 1850 2578 car
1854 2534 1935 2578 ius
1960 2542 2052 2592 est,
2088 2529 2402 2579 existimavi.

226 2615 430 2668 Deinde
446 2617 639 2666 collabi
659 2619 791 2678 visa,
812 2636 1000 2683 egoqve
1025 2620 1157 2667 velle
1181 2635 1342 2664 manu
1365 2620 1577 2681 lapsum
1590 2629 1825 2667 avertere
1850 2631 1957 2668 tum
1977 2622 2211 2668 annulus
2228 2618 2403 2681 lapidi

227 2703 420 2756 allisus
431 2709 632 2756 medius
645 2716 721 2755 est
725 2709 1054 2771 perfructus,
1068 2718 1218 2772 atqve
1232 2725 1292 2754 ex
1295 2708 1556 2768 fractura
1574 2711 1790 2772 sangvis
1805 2712 2081 2757 destillare
2097 2711 2252 2757 visus.
2273 2709 2304 2753 Ἰ
2310 2708 2400 2751 ’11111

228 2798 358 2844 milti
378 2799 571 2845 damno
589 2799 761 2861 major
786 2798 928 2845 visus
951 2799 1139 2858 luctus,
1177 2815 1292 2845 cum
1314 2798 1673 2857 semifractum
1695 2807 1856 2845 antea
1879 2791 2134 2846 annulum
2157 2815 2235 2843 me
2259 2809 2401 2840 com-

226 2887 428 2949 perisse
460 2889 741 2948 crederem,
772 2884 822 2933 8(
847 2888 960 2933 cum
970 2888 1286 2951 fragmenta
1310 2889 1541 2933 intuerer
1555 2888 1740 2949 plures
1763 2890 1993 2950 reperire
2001 2888 2232 2950 fissuras
2253 2885 2400 2931 vide-

228 2991 315 3022 rer
323 2992 342 3036 5
379 2992 554 3023 verum
578 2985 754 3024 tamen
781 2976 1087 3022 incolumem
1101 2977 1354 3037 futurum
1378 2983 1502 3020 rata
1527 2992 1667 3035 sum,
1709 2977 1756 3022 si
1782 2978 1967 3022 melius
1991 2979 2248 3024 annulum
2270 2990 2398 3020 con-

228 3079 540 3123 servassem5
585 3065 713 3110 talis
731 3065 780 3112 ei
798 3065 1152 3127 somniofi-nis.
1229 3067 1418 3112 Gestus
1454 3064 1616 3110 dixit:
1661 3066 1810 3110 haud
1831 3065 1993 3111 bonus
2018 3075 2094 3113 est
2118 3067 2278 3112 trium
2298 3063 2398 3109 lio-

230 3168 347 3199 rum
393 3154 709 3201 somniorum
747 3154 931 3202 exitus.
1022 3155 1111 3201 Ita
1138 3155 1306 3219 porro
1347 3154 1633 3201 Gudruna:
1681 3163 1926 3218 qvartum
1962 3155 2076 3217 fuit
2118 3153 2399 3202 somnium:
