2956 3854
1228 260 1349 315 183

191 433 454 482 dimittere
481 432 610 480 velle
627 466 641 491 ‚
685 428 737 478 8<
768 429 864 476 lzoc
888 427 1088 491 qvidem
1122 424 1451 488 perspicere,
1496 429 1627 490 qvod
1663 427 1718 475 in
1744 428 1991 476 Islanclia
2013 428 2162 476 haud
2186 429 2370 476 multae

180 520 287 583 'tibi
313 538 396 570 res
438 521 812 568 oblectamento
845 519 954 565 sint
966 517 1208 576 suturae,
1261 514 1308 559 si
1339 514 1538 577 quidem
1579 533 1716 564 nunc
1751 518 1846 564 tibi
1880 518 2060 565 crebra
2093 527 2216 566 sunt
2253 535 2368 566 cum

190 611 528 676 Ingebjo‘rga,
590 611 729 672 regis
766 622 968 664 sorore,
1008 603 1285 668 colloqvia.
1396 604 1523 651 Tum
1557 605 1658 652 illa
1694 607 1770 652 ad
1816 597 1956 670 regis
1993 609 2147 656 Olavi
2186 609 2372 656 aulam

191 699 640 755 commorabatur,
677 713 881 765 earum,
917 710 1026 759 qvae
1043 693 1099 740 in
1121 693 1398 758 Norvagia
1420 685 1593 766 essent
1614 695 1918 756 mulierum,
1952 697 2366 758 formosissima.

192 782 493 851 Kjartanus
537 770 721 832 (ΖίιιτίιιΙ
768 785 880 832 noli
930 783 1068 830 talia
1117 782 1284 846 loqvi,
1347 773 1524 833 verum
1574 791 1750 832 tamen
1784 777 2112 850 propinquos
2165 797 2372 835 nostros

198 878 350 941 atqve
379 864 718 923 'amicos-meo
738 875 944 922 nomine
991 873 1206 921 salutes.

1046 973 1252 1068 ’(ἑΑΡ
1293 972 1498 1069 xLuss

375 1179 379 1182 .
460 1093 531 1167 P
533 1129 612 1168 ost
658 1121 771 1168 liceo
820 1106 1149 1182 Kj'artanus
1169 1101 1235 1164 ac
1286 1119 1500 1189 Bollius
1535 1117 1897 1166 discesserunt.
2008 1122 2260 1170 Gissurus
2313 1141 2379 1171 ac

195 1178 442 1290 fijaltius
471 1228 498 1257 e
533 1210 807 1273 Norvagia
843 1208 1160 1270 navigantes
1193 1207 1391 1268 fausto
1423 1207 1507 1254 usi
1532 1207 1738 1256 itinere
1754 1210 1847 1257 sub
1886 1211 2213 1260 comitiorum
2246 1222 2378 1261 tem-

189 1296 297 1364 pus
324 1301 399 1347 ad
431 1300 491 1348 V
483 1307 925 1362 estmanna-eyas
951 1313 1240 1360 pervenere
1269 1305 1421 1360 atqve
1454 1298 1576 1363 inde
1600 1299 1675 1345 ad
1705 1299 2065 1347 continentem.
2138 1301 2222 1348 Ibi
2253 1318 2380 1349 con-

194 1397 377 1437 ventus
419 1404 485 1435 ac
523 1389 781 1452 colloqvia
829 1385 1249 1451 propinqvorum
1283 1387 1714 1450 freqventantes,
1778 1390 1854 1435 ad
1890 1390 2111 1453 publica
2165 1392 2379 1438 comitia

193 1493 476 1541 pervenere
507 1495 571 1525 ac
602 1479 666 1524 de
696 1477 950 1541 religione
982 1477 1154 1523 multa
1188 1492 1253 1522 ac
1290 1476 1491 1522 diserta
1512 1477 1690 1537 fecere
1722 1477 1904 1537 verba,
1973 1488 2174 1544 tumqve
2207 1498 2379 1528 omnes

195 1551 448 1614 mortales
483 1567 537 1613 in
560 1567 808 1614 Islandia
843 1565 1438 1629 religionem-accepere.
1515 1565 1728 1612 Bollius
1751 1584 1778 1614 e
1811 1568 2034 1613 comitiis
2068 1586 2181 1615 cum
2220 1571 2384 1618 Olavo

193 1664 396 1725 patino
433 1653 890 1715 IIjardarlzoltum
913 1654 1191 1719 profectus
1226 1653 1294 1699 ab
1335 1670 1392 1700 eo
1422 1654 1657 1713 maxima
1695 1670 1810 1701 cum
1846 1656 2086 1702 amicitia
2122 1667 2380 1720 exceptus.

200 1747 370 1830 Qvum
418 1744 631 1791 Bollius
681 1742 753 1789 ibi
796 1742 939 1790 brevi
980 1742 1287 1799 mansisset,
1329 1744 1575 1805 Laugam
1626 1741 1992 1791 oblectationis
2029 1747 2215 1808 gratia
2260 1765 2385 1811 eqvo

199 1819 374 1882 vectus
415 1828 466 1879 ὃς
508 1833 626 1878 laete
670 1832 867 1895 qvidem
898 1841 1143 1895 exceptus
1182 1839 1272 1879 est.
1364 1811 1627 1878 Gudruna
1664 1833 1849 1882 multa
1877 1835 1940 1881 de
1988 1835 2136 1882 illius
2172 1837 2384 1886 itineri-

201 1915 318 1981 b‘uS,
351 1922 520 1968 multa
553 1922 615 1967 de
632 1922 902 1983 Kj‘artano
925 1936 1128 1983 rogare.
1198 1920 1602 1981 Bolliusfacile
1636 1923 1711 1968 ad
1733 1924 1936 1983 omnia,
1982 1942 2094 1988 qvae
2122 1927 2382 1973 Gudruna

203 2005 431 2076 rogaret,
467 2007 795 2072 respondere,
822 2009 876 2055 in
896 2009 1007 2054 suis
1037 2025 1155 2056 vero
1178 2008 1453 2055 itineribus
1473 2009 1678 2073 aliqvid
1707 2013 2042 2060 memorabile
2061 2024 2263 2076 gestum
2290 2032 2386 2062 ne-

199 2106 361 2165 gare,
409 2100 484 2144 ad
501 2099 826 2160 Kj'artanum
857 2113 1002 2157 vero,
1026 2102 1032 2120 ⁹
1055 2097 1245 2160 inquit,
1294 2098 1426 2160 qvod
1456 2091 1675 2159 attinet,
1722 2102 1893 2148 multa
1940 2119 2069 2149 sane
2088 2105 2287 2165 fausta
2324 2106 2387 2152 de

206 2190 354 2237 illius
383 2186 679 2238 conditione
712 2186 818 2232 dici
835 2194 1097 2248 possunt,
1132 2186 1224 2235 ille
1244 2186 1379 2233 enim
1407 2188 1482 2242 ad
1508 2188 1662 2236 Olavi
1683 2191 1825 2253 regis
1858 2193 2044 2238 aulam
2069 2210 2190 2255 proe
2212 2195 2387 2257 qvovis

207 2279 325 2349 alio
347 2277 555 2328 homine
596 2275 925 2322 oestimatur·
905 2311 921 2336 ,
975 2291 1152 2338 verum
1197 2283 1371 2321 tamen
1404 2292 1526 2336 ιιοιι
1542 2278 1646 2336 mit
1648 2278 1807 2337 abor,
1858 2281 1904 2326 si
1939 2283 2201 2344 proximis
2229 2285 2387 2332 annis

208 2343 301 2416 ille
335 2366 391 2413 in
433 2364 682 2412 Islandia
724 2364 873 2410 haud
913 2364 1081 2410 multo
1112 2365 1338 2425 fruetur
1366 2365 1588 2427 gaudio.
1687 2369 1948 2417 Gudruna
2001 2381 2108 2418 tum
2155 2376 2389 2437 rogavit:

209 2443 332 2504 num
367 2455 464 2501 hoc
500 2454 679 2515 aliqva
713 2453 828 2499 alia
849 2451 954 2514 fiet
956 2462 1006 2499 et
1043 2470 1238 2510 causa,
1292 2468 1446 2515 qvam
1488 2456 1624 2516 qvod
1655 2458 1767 2520 regi
1801 2461 1933 2507 adeo
1975 2471 2106 2508 esset
2153 2463 2391 2511 amicus?

207 2543 420 2594 Bollius
455 2543 617 2619 dixit:
644 2542 826 2605 'qvales
870 2543 932 2590 de
961 2542 1220 2607 Kjartani
1246 2550 1401 2604 atqve
1427 2541 1780 2609 J'ngebj‘o'rgoe,
1830 2550 1966 2612 regis
2000 2554 2210 2613 sororis,
2249 2555 2390 2600 ami..

211 2633 338 2681 citia
385 2648 642 2679 sermones
672 2632 1038 2693 jactarentur,
1084 2648 1227 2696 seqve
1265 2631 1481 2694 opinari
1513 2633 1824 2696 affirmavit,
1888 2656 2054 2703 regem
2088 2644 2272 2704 potius
2306 2644 2391 2690 illi

211 2722 578 2787 Ingebjo'rgam
619 2722 947 2767 elocaturum
985 2737 1134 2785 qvam
1175 2721 1347 2785 ipsum
1399 2722 1764 2785 dimissurum,
1819 2718 1867 2774 si
1894 2729 2006 2776 lzoec
2050 2732 2133 2778 illi
2177 2741 2393 2795 utraqve

214 2813 443 2861 conditio
487 2812 730 2874 eligenda
775 2810 1068 2875 offerretur.
1164 2813 1425 2858 Gudruna
1459 2811 1824 2863 bonum‘lzunc
1862 2820 2104 2865 nuntium
2153 2821 2394 2883 affirma-

215 2902 316 2961 vit,
369 2918 547 2950 verum
581 2909 755 2948 tamen
792 2901 1004 2964 negavit
1034 2902 1361 2963 Kjartanum
1394 2903 1581 2962 talem,
1629 2906 1829 2967 qvalem
1863 2918 2149 2955 mereretur
2185 2927 2392 2958 uxorem

218 2990 476 3049 nancisci,
530 2991 634 3036 nisi
679 2989 867 3037 bonam
913 2991 1313 3054 adipisceretur.
1404 2992 1493 3039 Ita
1529 2991 1716 3053 finitus
1761 2996 1974 3044 illorum
2015 3015 2195 3047 sermo.
2281 3002 2393 3048 Illa

219 3080 441 3127 multum
485 3079 782 3126 erubescens
823 3079 985 3140 abiit5
1038 3081 1141 3127 alii
1175 3080 1351 3128 autem
1401 3081 1743 3140 dubitabant,
1787 3094 1963 3133 utrum
1997 3088 2101 3134 ista
2137 3106 2270 3138 nova
2313 3092 2397 3138 illi
2473 3120 2481 3126 ν

222 3177 428 3216 tantum
457 3170 758 3231 placerent,
817 3178 1066 3232 qvantum
1106 3171 1206 3217 illa
1242 3172 1420 3217 eadem
1463 3172 1805 3220 collaudavit.
1885 3177 2096 3225 Bollius
2128 3197 2190 3226 ea
2213 3190 2399 3229 oestate

221 3260 361 3307 domi
397 3259 645 3308 manebat
665 3258 1082 3323 IIjardarkolti,
1125 3276 1226 3324 per
1264 3260 1420 3307 istam
1449 3263 1932 3325 peregrinationem
1961 3269 2185 3316 multam
2222 3252 2396 3334 adep-
