2956 3854
1243 256 1383 327 259²

210 432 426 494 pentem
434 433 685 480 ultionem
706 433 1069 495 expetiturum.
1142 430 1213 477 Et
1214 431 1335 494 jam
1349 429 1566 494 qvidem,
1592 427 1770 493 inqvit,
1798 436 2001 494 tempus
2014 426 2179 490 adest,
2215 437 2274 477 ut
2285 429 2399 477 Izaec

208 521 805 584 parricidiafiniantur.
882 522 1141 571 Gudruna
1161 521 1298 579 dixit
1356 528 1486 569 tunc
1507 519 1764 567 Lambius
1785 520 1888 568 erit
1914 522 2233 569 adoriendus
2246 528 2397 584 atqve

213 611 586 680 trucidandus,
630 612 712 662 ita
744 628 878 659 unus
907 611 1353 675 nequissimorum
1366 626 1410 656 e
1423 608 1594 657 medio
1618 609 1844 656 tollitur.
1934 611 2132 658 Snorro
2158 611 2395 673 rogavit:

211 715 336 782 num
357 700 578 763 Lambio
600 709 756 762 tanta
780 701 940 765 culpa
962 709 1069 761 est
1102 709 1159 747 ut
1176 700 1438 747 trucidari
1449 696 1754 746 mereatur?
1786 699 1938 746 haud
1958 701 2090 747 milii
2109 700 2220 747 Izoec
2245 700 2394 748 vide-

214 775 302 834 tur
312 762 493 862 plena
507 766 677 835 Bollii
705 790 864 836 caedis
888 791 1022 873 ultio
1034 825 1051 850 ,
1088 807 1179 859 nec
1205 771 1474 872 injudicio
1502 766 1610 836 tale
1621 788 1722 851 fiet
1748 788 1895 835 illius
1919 805 1982 835 ac
2004 790 2174 837 Bollii
2198 789 2393 836 discri-

209 859 349 931 nien,
383 870 535 940 9ναῖε
555 863 750 943 ceqvum
776 888 879 938 est,
903 879 1065 943 9νιιηι
1089 858 1199 926 illoe
1214 867 1379 950 coedes
1396 887 1723 951 comparatae
1736 887 1904 925 erunt.
1957 870 2215 926 Gudruna
2229 878 2390 924 dixit:

0 979 2 990 ’
46 938 56 942 1
140 956 150 962 “
195 949 324 1025 fleri
352 948 554 1030 &videm
567 977 768 1031 Potest,
804 971 885 1016 uti
904 967 1050 1016 nobis
1074 987 1108 1016 a
1131 945 1569 1017 Laxdcelensibus
1596 966 1683 1030 (ab
1711 967 1851 1027 illis,
1900 967 1988 1031 qvi
2006 968 2060 1014 in
2085 967 2391 1014 Salmonum

206 1048 622 1119 ualle-habitant)
632 1058 807 1104 haud
790 1061 990 1121 oeqvu‘m
999 1059 1285 1105 reddatur
1252 1073 1376 1120 Jus,
1412 1056 1467 1102 in
1478 1056 1704 1118 aliqvem
1719 1063 1894 1103 tamen
1909 1057 2061 1103 cadet
2071 1049 2222 1114 ultio,
2259 1072 2390 1118 qva—

208 1147 489 1207 oumqvein,
505 1148 650 1194 valle
674 1146 1014 1193 habitaverit.
1083 1146 1177 1195 Ad
1205 1144 1571 1192 Thorsteinum
1594 1145 1768 1208 itaqve
1783 1144 1982 1193 Atrum
2002 1151 2097 1193 n'os
2109 1153 2388 1193 convertas-

205 1249 364 1299 mus?
382 1250 530 1293 nemo
551 1235 687 1282 enim
709 1234 864 1296 liujus
885 1251 1060 1285 causae
1097 1235 1408 1292 deteriorem
1441 1234 1542 1281 sibi
1567 1243 1783 1298 partem
1813 1235 2118 1284 vindicavit.
2191 1235 2387 1282 Snorro

138 1387 146 1395 N
204 1321 368 1401 dixit:
410 1323 560 1387 haud
584 1324 777 1386 major
797 1325 1095 1387 Thorsteini
1128 1326 1183 1372 in
1219 1334 1268 1371 te
1293 1326 1455 1388 culpa
1481 1334 1581 1385 est,
1633 1341 1787 1388 qvam
1809 1333 2114 1380 eaeterorum
2134 1324 2385 1379 virorum,

204 1411 298 1475 qvi
307 1381 629 1483 expeditioni
655 1416 731 1460 ad
748 1397 1001 1486 Bollium
1014 1415 1350 1486 occidendum
1371 1414 1674 1491 interfuere,
1711 1411 1762 1461 &
1791 1415 1899 1478 ipsi
1926 1422 2100 1461 tamen
2125 1413 2210 1460 illi
2234 1413 2383 1459 haud

163 1532 166 1534 ,
203 1486 451 1560 infestam
476 1519 689 1550 manum
710 1481 948 1573 intulere.
1022 1504 1157 1551 Illos
1180 1513 1356 1551 autem
1383 1504 1580 1568 qvietos
1600 1492 1812 1551 manere
1826 1512 2043 1568 patere,
2087 1502 2264 1567 qvibus
2291 1518 2382 1549 oc-

204 1589 328 1635 c'isis
354 1590 486 1637 mihi
510 1584 735 1656 gravior
768 1569 1041 1641 videretur
1055 1593 1196 1640 ιιίτίο
1223 1592 1406 1656 perfici
1417 1627 1434 1650 ,
1484 1594 1661 1656 qviqve
1689 1594 1797 1656 ipsi
1817 1594 2054 1641 Bollium
2080 1593 2381 1640 trucidave-

203 1678 341 1738 rint}
357 1708 359 1710 -
377 1679 438 1727 in*
461 1673 545 1727 liis
567 1680 1137 1744 autem²est³Helgius,'
1158 1682 1462 1729 Hardbei-ni
1478 1669 1639 1742 filius.
1712 1684 1976 1729 Gudruna
1999 1682 2164 1741 dixit-,-
2202 1697 2379 1729 verum

201 1769 404 1830 qvidem
425 1769 523 1816 1ιοο
533 1803 549 1827 ,
599 1779 774 1818 tamen
790 1772 918 1834 pati
941 1788 1126 1834 neqveo
1137 1805 1153 1830 ,
1189 1779 1249 1818 ut
1273 1771 1362 1816 isti
1384 1787 1555 1817 omnes
1575 1771 1702 1831 viri,
1751 1772 1807 1818 in
1827 1788 1946 1835 qvos
1970 1771 2193 1818 multum
2218 1778 2379 1816 antea

200 1858 389 1923 collegi
409 1860 614 1920 odium,
651 1860 843 1907 intacti
863 1869 1130 1907 maneant.
1205 1840 1402 1907 Snorro
1428 1840 1731 1923 respondit:
1775 1861 1877 1907 hac
1910 1861 1965 1907 in
1991 1877 2047 1908 re
2071 1877 2163 1923 ego
2189 1859 2377 1906 bonum

162 1953 166 1954 ⁷
192 1946 470 2011 perspicio
494 1936 801 2010 σοιἰεἰῖίιιιιις
835 1936 1117 1996 Lambiu's
1119 1947 1185 1995 ac
1198 1946 1715 2011 Thorsteinusfilios
1737 1958 1874 1997 tuos
1883 1959 2191 2014 sequantur,
2237 1950 2375 1996 hanc
2416 1932 2419 1935 ‚

197 2052 306 2100 ego
303 2037 442 2084 itti-s
437 2034 698 2085 meritam
707 2040 896 2100 poenoe
919 2039 1284 2105 redemtionem
1291 2039 1513 2100 Judico
1546 2039 1593 2086 si
1611 2039 1708 2086 hoc
1736 2056 1856 2088 vero
1890 2039 2180 2098 noluerint,
2228 2037 2378 2084 haud

196 2137 326 2177 seme
356 2143 449 2190 ego
471 2127 607 2178 illos
640 2144 707 2178 eo.-
728 2129 877 2177 malo
909 2127 1247 2186 subtraham,
1293 2129 1425 2192 qvod
1457 2128 1601 2176 vobis
1628 2130 1695 2175 iis
1723 2130 1920 2190 inferre
1924 2130 2103 2191 fuerit
2132 2127 2369 2175 lubitum.

199 2217 463 2284 Gudruna
482 2217 646 2283 dixit-.-
671 2234 778 2282 qvo
790 2226 960 2280 pacto
988 2218 1092 2266 erit
1102 2219 1492 2284 procedendum
1515 2220 1590 2265 ad
1607 2220 1728 2266 illos
1750 2220 1915 2278 viros,
1951 2236 2075 2284 qvos
2094 2220 2210 2281 jam
2231 2234 2373 2265 nun-

196 2306 432 2386 οιιΡαειὶ,
466 2307 522 2353 in
540 2292 680 2352 banc
699 2307 1081 2385 expeditionem
1096 2306 1500 2380 perducendos?
1533 2310 1653 2356 Hoc
1671 2310 1911 2370 illorum,
1944 2311 2027 2375 qvi
2049 2308 2370 2373 expeditioni

186 2393 434 2461 praesintss
471 2382 692 2478 officium
704 2396 806 2443 erit
819 2382 979 2460 (dixit
990 2395 1222 2460 Snorro).
1295 2397 1557 2464 Gudruna
1583 2401 1889 2463 respondit:
1923 2402 1998 2447 ad
2016 2401 2074 2447 id
2095 2399 2255 2446 etiam
2280 2407 2367 2444 tuo

194 2493 399 2533 utemur
420 2468 668 2543 consilio,
705 2485 788 2553 9νί
807 2485 1130 2548 expeditioni
1142 2482 1483 2563 praefuturus
1505 2488 1589 2534 sit.
1669 2489 1867 2556 Snorro
1899 2490 2038 2537 dixit
2067 2489 2367 2536 subridens:

191 2576 266 2621 ad
287 2574 410 2622 1ιοο
392 2589 514 2639 Jam
532 2574 701 2622 virum
718 2568 982 2638 delegisti.
1045 2571 1322 2622 Gudruna
1345 2567 1511 2624 dixit:
1552 2554 2137 2642 Thorgilsumnedicis?
2171 2580 2367 2626 Snorro

189 2665 360 2712 dixit:
397 2665 489 2711 ita·
515 2666 731 2729 qvidem.
821 2655 1085 2711 Gudruna
1117 2666 1417 2728 respondit.-
1469 2666 1572 2714 hac
1611 2670 1675 2715 de
1719 2685 1776 2716 re
1822 2677 1983 2717 antea
2033 2670 2081 2716 T
2075 2667 2365 2732 horgilsum

186 2756 426 2803 allocuta
458 2771 599 2814 sum,
639 2742 759 2819 jam
786 2770 907 2803 vero
935 2754 1022 2801 illi
1048 2755 1124 2802 rei
1131 2753 1266 2816 finis
1297 2764 1405 2817 est3
1451 2756 1543 2804 ille
1572 2760 1710 2806 enim
1745 2760 1905 2805 talem
1938 2759 2071 2805 milii
2096 2759 2253 2821 liujus
2288 2756 2364 2802 rei

186 2845 533 2902 conditionem
558 2843 775 2904 obtulit,
819 2860 971 2907 qvam
996 2861 1088 2908 ego
1121 2844 1330 2901 omnino
1361 2844 1712 2909 abjiciendam
1742 2863 2010 2906 censeam3
2059 2846 2365 2908 leorgilsus

183 2935 319 2981 enim
332 2934 616 2997 affirmavit
629 2950 682 2981 se
696 2934 845 2981 haud
860 2935 1272 2995 detrectaturum
1283 2935 1454 2982 Bollii
1466 2938 1654 2984 coedem
1669 2937 1866 2997 ulcisci,
1898 2937 1945 2983 si
1955 2953 2096 2984 meas
2109 2934 2363 2981 obtineret

182 3024 433 3085 nuptias,
469 3024 625 3087 hujus
649 3033 827 3071 autem
854 3026 931 3072 rei
955 3025 1251 3073 obtinendae
1269 3002 1421 3071 nulla
1436 3024 1554 3088 spes
1566 3029 1731 3087 adest,
1766 3033 2089 3090 quapropter
2104 3041 2195 3088 ego
2212 3024 2361 3070 illum

181 3115 280 3162 hoc
319 3115 419 3160 iter
454 3113 717 3177 suscipere
752 3095 910 3160 haud
933 3114 1144 3178 rogabo.
1227 3116 1423 3162 Snorro
1461 3115 1625 3162 dixit:
1667 3116 1806 3164 lianc
1828 3117 1904 3162 ad
1925 3130 2030 3161 rem
2051 3130 2142 3176 ego
2177 3112 2364 3160 bonum

175 3203 422 3252 exhibebo
451 3203 751 3264 consilium,
790 3206 1192 3269 qvandoqvidem
1214 3205 1500 3268 leorgilso
1524 3205 1672 3253 haud
1684 3206 1891 3255 isthanc
1919 3204 2119 3253 invideo
2142 3204 2359 3267 expedi-

1945 3294 1995 3341 K
2012 3294 2042 3341 k
2064 3309 2090 3340 2
