2956 3854
1530 321 1533 323 .
1592 243 1717 299 394

572 424 674 457 non
699 409 1047 470 adaptatam,
1099 402 1266 450 medio
1289 419 1397 452 oevo
1427 403 1480 451 in
1508 405 1861 468 septentrione
1883 406 2264 455 Scandinavico
2287 410 2565 462 exercitam
2596 430 2730 470 esse,

569 505 662 536 nos
677 489 834 551 prius
865 486 1126 549 suspicati
1140 486 1453 545 fueramus,
1505 487 1672 534 variis
1693 487 1988 534 rationibus
2023 490 2242 535 adducti
2274 489 2335 553 ¹).

832 567 1051 629 Majora
1079 568 1187 630 ejus
1199 568 1408 630 generis
1432 567 1458 614 ἒ
1481 568 1885 630 septentrionali
1909 569 2228 632 antiqvitate
2264 572 2552 633 specimina
2588 575 2734 620 nobis

571 651 783 706 desunt,·
820 649 954 711 qvod
977 656 1152 694 autem
1176 647 1275 693 illa
1295 648 1812 695 IIiardarlzoltensia
1838 649 2069 711 artificia
2094 667 2198 697 non
2212 652 2430 713 penitus
2450 654 2607 700 rudia
2637 663 2735 702 aut

571 729 1140 793 inelegantiafuerint,
1187 730 1491 775 concludere
1516 746 1824 792 possumus,
1880 739 1989 777 tam
2018 748 2079 778 ex
2130 728 2257 777 aliis
2291 733 2516 794 ejusdem
2559 742 2736 782 vetus-

572 813 702 858 tatis
726 811 779 857 in
802 811 997 857 nostris
1023 811 1178 856 terris
1202 810 1426 872 repertis
1445 812 1805 871 monumentis,
1843 814 1996 874 qvam
2022 812 2313 859 oculariam
2335 815 2541 861 testium
2561 813 2738 878 effatis

568 893 630 938 de
647 891 1092 954 pictisgentilium
1117 891 1173 939 V
1167 891 1442 937 enedorum
1464 891 1572 939 sive
1586 892 1888 940 Sclavorum
1911 891 2216 955 scalpturis,
2242 893 2388 939 nobis
2409 911 2442 940 a
2461 895 2619 941 medii
2637 893 2738 941 oevi

570 973 915 1035 scriptoribus
940 972 1174 1020 servatis.
1265 971 1511 1034 Legimus
1537 972 1615 1018 ita
1645 989 1685 1018 e.
1705 988 1786 1035 gr.
1808 981 2094 1036 seqventem
2121 973 2522 1036 descriptionem
2556 973 2740 1038 templi

562 1054 891 1117 principalis
907 1052 1234 1100 Stettinensis
1258 1053 1398 1099 circa
1417 1070 1615 1101 annum
1643 1069 1661 1100 1
1676 1055 1767 1101 150
1797 1051 1858 1116 2).
1909 1054 2111 1102 ”Erant
2131 1053 2187 1100 in
2208 1053 2424 1102 civitate
2435 1055 2739 1104 Stettinensi

572 1136 798 1183 continae
823 1142 1063 1197 qvatuor,
1099 1135 1191 1179 sed
1208 1150 1315 1180 una
1338 1151 1399 1181 ex
1420 1121 1532 1194 ἤι’-ς’,
1576 1151 1684 1196 qvae
1698 1134 2028 1197 principalis
2052 1142 2198 1195 erat,
2240 1135 2477 1183 mirabili
2517 1136 2661 1184 cultu
2688 1143 2740 1183 et

572 1214 800 1276 artificio
821 1221 1119 1260 constructa
1128 1214 1263 1274 fuit,
1297 1215 1517 1261 interius
1539 1212 1589 1262 δε
1612 1215 1838 1263 exterius
1857 1215 2164 1277 sculpturas
2191 1216 2411 1276 habens,
2458 1218 2521 1264 de
2545 1217 2740 1279 parie-

576 1296 714 1343 tibus
736 1295 1088 1358 prominentes
1110 1294 1364 1357 imagines
1389 1295 1653 1342 hominum
1676 1304 1726 1341 et
1751 1295 2020 1343 volucrum
2041 1292 2093 1341 8<
2120 1295 2447 1357 bestiarum,
2473 1306 2584 1344 tam
2598 1314 2740 1361 pro-

566 1378 689 1442 prie
710 1376 817 1423 suis
839 1375 1237 1422 habitudinibus
1264 1389 1567 1437 expressas,
1614 1384 1673 1421 ut
1693 1376 1905 1437 spirare
1929 1383 2156 1437 putares
2185 1392 2250 1422 ac
2281 1377 2476 1434 vivere,
2518 1363 2742 1442 qvodqi'e

574 1474 755 1506 rarum
779 1456 1024 1515 dixerim,
1062 1457 1258 1502 colores
1282 1456 1570 1518 imaginum
1600 1457 2009 1504 extrinsecarum
2030 1457 2183 1503 nulla
2212 1464 2519 1519 tempestate
2541 1458 2743 1507 nivium

573 1541 658 1590 vel
690 1539 929 1587 imbrium
957 1538 1177 1600 fuscari
1207 1538 1289 1586 vel
1326 1538 1463 1583 dilui
1492 1545 1772 1599 poterant,
1824 1537 1882 1584 id
1918 1545 2105 1600 agente
2131 1537 2398 1584 industria
2424 1539 2740 1601 pictorum.’‘

573 1622 753 1684 Longe
772 1621 930 1684 prius
950 1621 1113 1676 (circa
1139 1635 1337 1666 annum
1368 1620 1517 1673 1015>
1541 1618 1862 1665 Ditlzmarus
1890 1618 2337 1682 Merseburgensis
2379 1620 2458 1666 ita
2501 1621 2743 1684 descrip-

574 1711 718 1750 serat
746 1703 995 1764 templum
1006 1702 1319 1748 Rhetrense:
1363 1701 1601 1745 ”Fanum
1623 1701 1685 1746 de
1708 1700 1852 1762 ligno
1877 1700 2162 1760 artificiose
2183 1701 2523 1764 compositum
2535 1707 2555 1763 ,⁴
2589 1702 2745 1764 liujus

571 1784 809 1847 pariete-s-
843 1786 1009 1830 variae
1044 1783 1256 1827 deorum
1300 1780 1612 1842 dearumqve
1645 1780 1900 1842 imagines
1939 1770 2155 1841 mirifice
2202 1782 2482 1843 insculptoe
2517 1785 2745 1830 exterius

579 1872 773 1912 ornant
804 1862 891 1926 ³).’‘
986 1862 1185 1910 Similis
1217 1861 1412 1907 tenoris
1444 1868 1522 1906 est
1552 1861 2022 1922 postremorelatio
2045 1861 2269 1906 Saxonis
2298 1862 2649 1910 Grammatici
2681 1865 2746 1911 de

578 1945 772 2007 templo
787 1945 1098 2004 Arconensi,
1126 1943 1267 1988 circa
1290 1957 1487 1987 annum
1517 1956 1534 1986 1
1549 1941 1640 2001 169
1666 1941 1891 1987 aDanis
1922 1940 2233 1986 christianis
2254 1942 2517 1990 destructo
2533 1960 2549 1991 .·
2581 1945 2746 1992 ”Erat

577 2026 845 2073 delubrum
867 2027 1092 2072 materia
1118 2024 1362 2086 ligneum,
1400 2036 1561 2083 opera
1582 2022 2044 2084 elegantissimum,
2069 2038 2172 2068 non
2202 2023 2370 2069 solum
2387 2024 2746 2087 munificentia

577 2108 764 2154 cultus.
833 2108 1080 2155 Exterior
1108 2106 1239 2152 aedis
1272 2103 1500 2149 ambitus
1534 2111 1788 2150 accurato
1815 2104 2089 2150 caelamine
2114 2104 2386 2151 renidebat
2395 2139 2419 2165 ,.
2449 2107 2570 2152 rudi
2595 2115 2757 2170 atqve,

577 2190 817 2252 impolito
826 2190 1056 2252 picturae
1080 2186 1307 2248 artificio
1337 2185 1520 2233 varias
1550 2200 1722 2231 rerum
1740 2185 1957 2247 formas
1986 2187 2329 2247 complectens
2353 2184 2449 2250 4).’'
2503 2188 2586 2235 Ex
2605 2188 2746 2235 hisce

578 2271 1016 2333 descriptionibus
1037 2270 1340 2316 concludere
1351 2282 1651 2330 possumus,
1687 2269 1819 2329 qvod
1841 2268 2338 2329 repraesentationes
2360 2268 2419 2314 in
2450 2269 2560 2315 aede
2588 2270 2686 2316 ota
2697 2269 2746 2339 vi

577 2353 809 2399 Pavonis
838 2353 883 2418 5)
919 2355 976 2402 V
969 2352 1194 2399 enedzczs
1206 2352 1326 2412 jam
1353 2349 1654 2395 memoratis
1666 2349 1900 2407 materie,
1915 2348 2102 2408 formd
2118 2346 2392 2411 &pictura
2411 2336 2604 2412 optime
2616 2366 2747 2397 con-

577 2434 829 2493 venirent,
861 2451 919 2482 eo
943 2441 1151 2480 tantum
1174 2430 1505 2479 descrimine:
1538 2430 1673 2492 qvod
1692 2430 1802 2475 illae
1829 2438 2067 2476 externos
2091 2430 2397 2478 ornaverint
2421 2431 2612 2519 oedium
2631 2447 2748 2495 pa·-

580 2514 763 2573 rietes,
810 2516 894 2562 Izae
926 2523 1101 2562 autem
1132 2514 1380 2569 internos,
1416 2511 1666 2558 lacunari
1697 2512 1911 2574 insuper
1930 2511 2131 2558 addito.

648 2692 686 2746 ¹)
722 2694 877 2746 Bidrag
902 2693 953 2733 til
968 2692 1152 2733 ‘nordisk
1178 2691 1468 2744 Archaeologie
1501 2697 1622 2738 1820
1643 2703 1734 2744 pag.
1766 2695 1934 2740 87-90
1955 2688 2168 2743 (translat.
2192 2695 2303 2734 Svec.
2333 2698 2386 2740 81
2404 2713 2426 2720 -
2443 2693 2531 2747 84).

643 2763 685 2816 ⁸)
719 2765 914 2816 Sigsria'i
936 2767 1027 2804 vita
1049 2766 1091 2803 S.
1119 2764 1286 2802 Ottonis
1311 2763 1429 2813 apud
1452 2764 1677 2815 Ludemig,
1707 2763 1938 2813 Scriptores
1959 2776 2038 2799 rer.
2065 2762 2292 2814 Bamberg.
2315 2765 2347 2803 1.
2371 2768 2478 2810 680.

644 2834 684 2887 ³)
716 2836 941 2875 Ditlzmari
965 2814 1229 2885 Merseburg.
1265 2833 1497 2872 Chronicon
1517 2830 1744 2884 (Leibnitz.
1772 2833 1927 2882 Script.
1950 2844 2029 2869 rer.
2053 2833 2269 2871 Brunsvic
2299 2835 2345 2880 I,
2380 2833 2504 2887 381).

639 2904 682 2957 4)
708 2907 890 2945 Saxonis
902 2906 1184 2944 Grammatici
1206 2906 1325 2942 Hist.
1346 2905 1462 2941 Dan.
1486 2903 1584 2942 Lib.
1605 2904 1738 2943 XIII-

643 2976 683 3029 ⁵)
723 2975 986 3015 Celeberrimi
1009 2975 1141 3013 nostri
1165 2975 1248 3012 aevi
1270 2973 1516 3023 sculptoris,
1558 2972 1725 3012 Albertc·
1756 2970 2080 3012 Thorvaldsenii
2096 2976 2216 3013 atavi
2225 3003 2240 3021 ,
2289 2974 2514 3015 secundum
2539 2973 2743 3024 genealo-
2799 3007 2805 3016 ,

747 3033 872 3083 giam
894 3045 921 3070 a
945 3032 1110 3069 doctiss.
1129 3030 1329 3080 Espoliuo
1349 3038 1581 3067 exaratam.
