2956 3854
1580 261 1711 318 404

775 468 777 470 .
833 431 1002 488 Quum
1026 442 1144 475 vero
1163 433 1350 490 postea
1371 424 1541 473 literis
1557 433 1607 473 et
1626 426 1820 491 sigillis
1840 426 2035 487 eadem,
2060 443 2124 475 ac
2148 426 2288 485 hisce
2298 427 2612 488 Jatteiknunl,
2633 428 2740 475 ad·-

569 526 903 584 sequerentur
939 517 1174 581 antiqui,
1227 516 1336 564 veri
1370 516 1698 563 simillimum
1731 516 1964 577 videtur,
2020 517 2076 564 in
2113 533 2211 564 usu
2233 517 2415 578 fuisse
2440 516 2552 564 haec
2581 518 2736 581 signa

565 626 702 668 aevO,
740 608 786 654 si
811 624 916 654 non
938 616 1056 654 arte
1085 605 1347 655 scribendi
1372 606 1695 670 antiquiore,
1739 614 1978 653 attamen
2008 622 2232 670 eo„·quo
2255 606 2394 654 hanc
2414 605 2643 653 nondum
2665 607 2738 652 ad

559 698 817 762 graviora
851 696 1100 744 adhibere
1129 697 1456 755 didicerant,
1501 713 1659 760 quam
1682 697 1758 742 ad
1779 695 1954 745 brevia
1978 696 2262 760 epitaphia
2297 704 2456 760 atque
2484 695 2737 741 incanta-

559 795 735 836 menta
750 821 764 847 ,
799 787 882 835 vel
893 820 908 846 ‚
930 785 1035 851 ⁴ubi
1048 787 1368 850 plurimum,
1404 787 1480 833 ad
1503 794 1781 834 stemmata
1811 786 2154 850 genealogica
2172 820 2185 846 ‚
2222 783 2384 849 lignis
2407 792 2505 832 aut
2529 782 2737 847 lapidi-

562 877 654 924 bus
681 876 1010 924 inscribenda
1026 909 1044 934 ,
1096 892 1201 923 non
1225 884 1401 923 autem
1422 875 1757 939 membrana,
1791 878 1939 940 cujus
1962 878 2037 923 ad
2050 876 2376 924 scribendum
2403 889 2527 922 usus
2547 873 2735 930 serius,

562 982 723 1030 opera
748 964 992 1029 inprimis
1011 965 1424 1013 christianorum
1445 949 1819 1014 monachorum
1832 949 2073 1016 incaluit.
2148 967 2319 1025 Quum
2331 965 2496 1028 igitur
2511 951 2737 1011 occurrit

560 1055 871 1104 vocabulum
894 1056 1180 1116 Jarteiknir,
1220 1064 1474 1121 tanquam
1497 1056 1543 1102 si
1569 1057 1682 1103 hoec
1709 1056 1862 1119 signa
1900 1058 1956 1106 in
1978 1056 2245 1120 Norvegia
2282 1064 2513 1117 tempore
2532 1042 2738 1100 ''etiam-

561 1163 685 1195 num
711 1145 864 1194 Olavi
888 1145 1073 1192 Sancti
1096 1146 1150 1193 in
1172 1163 1268 1194 usu
1293 1147 1492 1204 essent,
1539 1146 1637 1194 lzoc
1653 1155 1947 1210 propterea
1967 1147 2088 1209 fieri
2106 1146 2405 1205 credimus,
2441 1143 2580 1209 quod
2612 1150 2736 1189 tunc
2791 1202 2796 1207 ἡ

561 1236 812 1299 temporis
840 1234 1099 1297 epistolas
1130 1235 1353 1293 scribere
1380 1238 1609 1283 nondum
1638 1237 1963 1298 didicerant;
1998 1237 2056 1285 id
2076 1237 2214 1301 quod
2239 1236 2400 1285 etiam
2428 1236 2737 1282 documento

559 1342 667 1373 esse
683 1331 878 1387 potest,
911 1324 1176 1371 missum
1199 1324 1338 1390 illud
1356 1333 1415 1371 ets
1433 1343 1459 1371 s
1475 1326 1720 1389 ignum,
1757 1327 1896 1390 quod
1916 1326 2221 1392 Ansgarius
2247 1326 2454 1373 nomine
2478 1322 2616 1386 regis
2632 1319 2735 1368 Ju-

561 1416 650 1462 tioe
675 1413 851 1472 Erici,
884 1415 958 1459 ad
987 1414 1231 1474 Olavum‚
1268 1416 1540 1463 Svecorum
1568 1431 1763 1479 regem,
1802 1414 2074 1479 attulit*),
2112 1416 2190 1463 ita
2224 1430 2332 1463 esse
2368 1414 2736 1475 interpretan-

559 1507 697 1564 dum,
734 1512 792 1551 ut
818 1512 915 1551 aut
944 1504 1262 1569 Ordsending
1285 1514 1335 1552 et
1353 1506 1572 1554 Jarteikn
1597 1504 1782 1570 (versio
1805 1507 2031 1571 antiqua
2051 1508 2191 1555 Svec-
2215 1504 2372 1552 habet
2390 1502 2499 1550 Bud
2513 1508 2564 1548 et
2574 1497 2737 1548 ’VVar-

557 1604 671 1659 tegn
696 1593 797 1658 **),
834 1603 930 1641 aut
951 1595 1234 1657 epistolam
1254 1595 1322 1642 ab
1346 1597 1463 1659 ipso
1479 1596 1755 1660 Ansgario
1777 1612 1878 1660 pro
1901 1613 2019 1660 rege
2042 1597 2302 1667 scriptam
2321 1603 2372 1642 et
2394 1591 2736 1656 monogram-

557 1694 698 1734 mate
727 1685 864 1748 regis
887 1686 1183 1747 signatam,
1219 1686 1360 1734 hisce
1388 1687 1562 1735 verbis>
1586 1686 1809 1734 describi
1830 1688 2055 1734 voluerit
2080 1695 2268 1734 auctor
2294 1684 2414 1750 ***).
2493 1681 2592 1732 Ubi
2615 1692 2738 1731 vero

557 1775 775 1823 Jarteikn
800 1775 1032 1837 sequenti
1053 1768 1318 1838 tempore,
1362 1784 1646 1841 postquam
1677 1778 1917 1841 epistolae
1949 1777 2206 1823 conscribi
2231 1782 2550 1838 coeperunt,
2580 1773 2732 1820 inve·-

555 1866 722 1924 nitur,
759 1864 830 1910 ibi
855 1872 952 1910 aut
978 1881 1070 1911 eas
1102 1881 1200 1922 res,
1237 1882 1353 1928 quoe
1376 1866 1431 1912 in
1456 1868 1624 1913 locum
1652 1867 1802 1913 illius
1830 1868 2175 1923 succederent,
2213 1865 2453 1928 epistoloe
2479 1862 2731 1912 nimirum

559 1963 608 2002 et
633 1953 843 2016 sigilla,
879 1953 976 2000 hoc
1004 1954 1157 2002 verbo
1181 1954 1504 2016 significari,
1551 1964 1650 2002 aut
1668 1956 1951 2012 accidisse,
1997 1964 2056 2002 ut
2078 1956 2392 2004 mandatum
2422 1952 2591 2008 literis
2614 1966 2734 1998 cre-

559 2045 678 2093 dere
702 2060 806 2090 non
831 2044 952 2089 ausi
971 2044 1078 2090 sint
1104 2044 1394 2104 mittentes,
1430 2047 1521 2093 sed
1549 2048 1750 2111 annulo
1788 2047 1891 2094 sive
1923 2046 2103 2109 sigillo
2133 2045 2400 2108 affirmare
2426 2040 2761 2100 maluerint„

552 2150 816 2198 ponamus
837 2150 1038 2180 necesse
1058 2142 1148 2181 est.
1231 2137 1322 2182 Ita
1352 2137 1513 2182 etiam
1549 2137 1688 2183 illud
1718 2137 2039 2199 Ordsending
2073 2136 2137 2184 ok
2169 2136 2465 2194 Jarteiknir,
2504 2146 2735 2197 >quocum

560 2226 794 2272 Canutus
808 2224 1034 2271 Sanctus
1046 2225 1281 2286 fratrem
1299 2227 1519 2274 Olavum
1534 2227 1806 2289 captivum
1823 2228 1878 2273 in
1905 2228 2228 2275 Flandriam
2248 2227 2392 2274 misit
2403 2223 2560 2287 ****),
2597 2229 2737 2270 recte

541 2316 784 2377 fortasse
818 2315 1247 2378 interpretamur.
1329 2317 1498 2375 Quum
1535 2318 1588 2362 in
1628 2318 1987 2387 Scandinavia
2029 2317 2325 2381 ceteroquin
2355 2317 2526 2364 seculo
2560 2314 2733 2362 XImo

558 2406 740 2468 sigilla
752 2410 873 2468 Jam
892 2405 946 2452 in
969 2422 1066 2452 usu
1089 2414 1284 2463 essent,
1330 2414 1380 2453 et
1415 2414 1653 2470 sequente
1681 2407 1853 2454 seculo
1879 2407 2039 2454 etiam
2063 2408 2214 2471 apud
2235 2407 2486 2465 Islandos
2511 2406 2732 2475 annulis

670 2584 709 2640 ³*)
742 2586 956 2626 Rember
967 2596 1052 2626 tus
1085 2590 1133 2627 in
1158 2590 1266 2628 Ser.
1312 2604 1338 2628 r
1351 2604 1370 2628 e
1382 2605 1417 2629 r.
1460 2593 1506 2631 D
1520 2604 1548 2631 a
1561 2606 1602 2631 n.
1637 2593 1734 2644 I-p.
1765 2595 1875 2639 473.
1908 2591 1991 2644 csr.
2031 2590 2142 2633 Sulz
2154 2593 2252 2631 mii
2282 2589 2734 2633 Danmarksflistorie

734 2657 789 2696 ΙΙ.
815 2670 856 2709 p.
888 2662 990 2704 178.
1630 2682 1632 2684 v

637 2726 698 2782 **)
731 2720 796 2766 I‘h
808 2730 889 2766 rii
915 2731 1051 2769 Gloss.
1078 2731 1288 2784 St'iogoth.
1314 2733 1388 2771 col.
1414 2737 1522 2781 972.

616 2797 702 2852 ***)
740 2800 861 2838 Talis
896 2802 1189 2853 interpretatio
1222 2805 1270 2842 in
1299 2804 1409 2843 hunc
1441 2807 1574 2844 locwn
1600 2807 1747 2858 potius
1774 2806 1940 2845 videtu]-
1964 2808 2201 2860 quadrare,
2237 2816 2364 2858 quam
2389 2819 2438 2844 ex
2464 2807 2661 2862 opinione
2681 2807 2731 2847 0.

735 2871 1121 2912 Deiclzmanni
1142 2868 1348 2925 (Suhms
1370 2876 1533 2927 Breve,
1556 2889 1598 2927 p.
1623 2874 1732 2929 320)
1756 2877 1803 2914 in
1828 2877 2033 2914 literas
2061 2877 2164 2915 illas
2197 2877 2365 2927 regia
2397 2889 2559 2915 manu
2591 2889 2732 2915 more

736 2943 788 2991 ip
799 2955 819 2979 s
830 2955 852 2979 o
866 2957 888 2980 r
898 2957 925 2981 u
938 2957 979 2982 tn
1010 2944 1042 2982 d
1052 2958 1074 2982 e
1073 2943 1109 2995 J
1117 2959 1139 2983 o
1152 2959 1175 2982 r
1186 2959 1226 2984 m
1236 2960 1263 2984 a
1274 2954 1289 2984 t
1303 2961 1330 2983 a
1344 2961 1362 2984 s
1374 2975 1388 2994 ,
1417 2961 1523 2999 quas
1549 2961 1577 2984 a
1595 2948 1812 2987 Svecorum
1831 2961 1928 2998 rege
1941 2949 2156 2996 Bjo'rnonc
2178 2947 2240 2985 ad
2257 2946 2520 2986 Ludovicum
2539 2947 2731 2998 impera-

734 3020 860 3050 torem
881 3015 1026 3053 attulit
1045 3015 1300 3068 Ansgrarius
1321 3020 1449 3064 (Ser.
1475 3030 1575 3056 rer.
1597 3019 1732 3056 Dan.
1759 3017 1796 3055 I.
1813 3033 1858 3070 p.
1883 3021 2016 3065 448).

598 3080 700 3136 ****)
733 3081 965 3135 Knyth'nga
977 3107 1001 3116 ··
1014 3086 1146 3137 Saga,
1167 3099 1209 3138 p.
1240 3093 1312 3136 84.
1386 3091 1577 3128 Ceterum
1596 3086 1793 3127 vocabulo
1821 3088 1845 3126 J
1857 3102 1912 3126 ar
1925 3095 1942 3130 t
1955 3089 2036 3129 eik
2048 3101 2077 3127 n
2109 3089 2184 3127 hoc
2204 3097 2311 3127 certe
2339 3089 2425 3126 loco
2449 3084 2670 3137 epistolam
2690 3091 2730 3123 et

663 3178 666 3182 ·
735 3154 928 3203 sigillum
950 3157 1198 3206 significari
1212 3173 1361 3210 posse,
1391 3159 1579 3211 equidem
1598 3172 1678 3196 non
1699 3171 1827 3209 nege,
1863 3173 1994 3211 quum
2015 3162 2062 3198 in
2083 3156 2417 3210 Heimskrhlglffi
2452 3157 2532 3202 ΠΙ-
2546 3168 2595 3206 P·
2615 3160 2729 3203 439·

734 3227 824 3267 441
843 3253 855 3273 ‚
906 3226 1116 3278 Erltugus
1143 3228 1299 3267 Stat-ki·
1316 3232 1435 3282 regis
1459 3231 1624 3269 Danici
1645 3225 1932 3279 Ordsending‚
1965 3229 2065 3269 bref
2083 3229 2139 3269 ok
2159 3228 2332 3281 inusigli
2353 3228 2524 3277 misisse
2540 3226 2725 3265 dicatur.
