2956 3854
1267 261 1394 319 345

221 435 372 482 domo
391 429 540 479 abire
556 429 802 494 paravit,
815 429 1031 493 galeam
1057 427 1310 492 imposuit
1329 426 1515 490 capiti,
1535 428 1775 490 clypeum
1800 426 1964 475 lateri
1981 425 2166 491 affixit,
2193 426 2407 475 hastam

221 523 390 571 tenuit
401 521 793 579 manu,cinctus
810 520 999 583 gladio
1018 519 1397 573 Pedimorsore.
1446 518 1702 566 Borealia
1725 534 1901 566 versus
1920 517 1975 564 in
1995 517 2406 579 Hrutafibrdum

218 629 340 678 eqvo
362 612 569 673 vehitur
589 627 739 674 eoqve
755 610 997 673 pervenit
1019 626 1077 656 eo
1087 609 1211 670 jere
1239 615 1484 670 tempore,
1510 624 1605 671 qvo
1628 616 1946 654 mercatores
1971 607 2178 671 omnino
2202 606 2276 652 ad
2304 606 2403 653 iter

218 710 387 765 essent
400 699 829 766 parati,jamqve
853 701 1108 746 secundus
1130 697 1378 764 spirabat
1399 706 1614 745 ventus·
1595 733 1611 756 ,
1649 713 1892 761 qvumqve
1903 697 2123 746 Bollius
2146 695 2402 742 taberna-

218 792 326 840 culi
338 774 550 858 foribus
573 783 915 852 adeqvitaret,
960 788 1284 849 Thorolfus'
1266 804 1320 834 111
1343 788 1515 834 eodem
1539 795 1796 834 momento
1823 802 2056 849 egressus
2078 786 2317 848 lecticam
2346 786 2402 833 in

215 898 335 928 sinu
330 879 588 943 gestabat
601 887 871 925 scorteam.
906 879 997 925 Str
1001 878 1102 925 icto
1121 887 1228 924 tum
1243 877 1454 924 Bollius
1465 877 1830 924 Pedimorsore
1842 876 2099 923 hominem
2113 874 2399 955 transfixit3

221 956 505 1030 Thorolfus
530 968 813 1031 resupinus
839 968 893 1015 in
919 954 1319 1015 tabernaculum
1341 975 1654 1029 prostratus
1678 975 1769 1012 est.
1839 950 2053 1012 Bollius
2074 981 2191 1013 vero
2216 978 2402 1028 equum

211 1060 470 1121 extemplo
495 1059 819 1118 conscendit,
863 1065 1181 1104 mercatores
1218 1064 1395 1103 autem
1433 1062 1805 1100 concursantes
1841 1053 1954 1100 eum
1987 1052 2227 1116 aggressi
2257 1061 2403 1098 sunt.

210 1149 424 1203 Bollius
446 1147 609 1194 dixit:
629 1148 752 1210 jam
773 1146 917 1194 vobis
939 1144 1215 1192 consilium
1239 1144 1495 1205 optimum
1500 1142 1687 1204 judico
1696 1175 1712 1201 ,
1769 1159 1861 1190 vos
1894 1143 2087 1206 qvietos
2119 1141 2398 1199 continere,

183 1240 187 1242 “
209 1238 359 1289 haud
381 1237 517 1284 enim
541 1243 727 1282 memet
749 1234 886 1280 citra
910 1235 1176 1298 pulverem
1195 1233 1539 1296 ‘inpulverem
1561 1232 1932 1294 consternetis7·
1953 1231 2079 1294 fieri
2097 1241 2272 1279 autem
2287 1248 2398 1294 po·-

211 1335 327 1393 test,
351 1335 410 1375 ut
433 1343 524 1389 ego
539 1315 859 1372 alterutrum
883 1332 1112 1373 vestrum
1134 1331 1231 1369 aut
1247 1331 1519 1388 utrumqve
1542 1330 1828 1385 amputem,
1865 1330 2142 1385 antequam
2168 1321 2393 1369 occidar.

214 1418 555 1480 Thorgrimus
576 1414 739 1460 dixit:
769 1414 866 1460 hoc
881 1430 972 1478 ego
989 1429 1162 1461 verum
1176 1429 1285 1458 esse
1304 1421 1542 1471 autum05
1578 1411 1656 1456 ita
1687 1411 1771 1457 illi
1794 1429 1846 1457 se
1869 1410 2217 1457 abstinebant.
2255 1412 2395 1459 Bol-

209 1507 314 1555 lius
337 1498 514 1552 autem
537 1505 744 1561 domum
777 1520 901 1566 eqvo
932 1511 1105 1552 vectus
1135 1502 1360 1548 multam
1397 1517 1459 1547 ex
1488 1498 1585 1547 hoc
1624 1501 1811 1547 itinere
1839 1502 2074 1564 gloriam
2108 1502 2392 1562 reportans

206 1597 428 1643 multum
455 1595 592 1641 enim
613 1594 697 1639 illi
715 1593 818 1639 hac
843 1583 1069 1655 regesta
1096 1591 1261 1638 honos
1285 1599 1491 1650 auctus,
1524 1590 1736 1653 visaqve
1755 1606 1837 1636 res
1865 1598 2074 1637 strenue
2086 1597 2393 1637 transacta:

204 1684 261 1732 i'n
281 1685 397 1731 alia
419 1683 559 1731 enim'
581 1691 739 1729 terroe
749 1683 925 1745 plaga
944 1681 1096 1727 lzomo
1123 1682 1514 1741 condemnatus,
1549 1679 1764 1727 solitari
1782 1680 1968 1728 deinde
1990 1681 2176 1729 itinere
2197 1681 2271 1728 ad
2291 1681 2393 1728 110-

203 1775 375 1822 stilem
400 1789 587 1837 agrum
611 1781 852 1835 suscepto
878 1772 1013 1819 idem
1033 1771 1245 1817 occisus.

950 1903 954 1906 ’
1011 1924 1185 2002 CAP„
1233 1931 1580 1989 LXXXIII.

414 2018 416 2020 Ι
450 2018 893 2089 'Eadem'aestate
909 2042 1123 2088 Bollius
1161 2058 1225 2087 ac
1249 2041 1595 2088 Gudmundus
1617 2039 1783 2086 Dives
1813 2021 1867 2085 in
1902 2040 2127 2087 comitiis
2152 2040 2387 2102 publicis

202 2130 556 2180 convenientes
572 2132 742 2178 multa
769 2148 938 2179 secum
972 2131 1189 2177 invicem
1213 2129 1571 2193 loqvebantur.
1661 2130 1804 2176 Tunc
1842 2129 1979 2176 dixit
2013 2130 2388 2177 Gudmundus:

200 2222 298 2269 hoc
317 2221 472 2280 scias,
496 2222 676 2268 Bolli!
709 2222 900 2268 talium
923 2221 1172 2280 virorum,
1194 2219 1366 2284 qvalis
1393 2229 1449 2266 tu
1474 2236 1543 2280 es,
1567 2237 1648 2267 me
1669 2227 1908 2282 expetere
1931 2220 2239 2278 amicitiam,
2275 2221 2387 2267 ita-

201 2328 295 2376 qve
321 2319 370 2357 te
391 2311 555 2361 invito
579 2312 654 2357 ad
677 2311 887 2357 dimidii
908 2311 1102 2358 mensis
1127 2309 1446 2370 convivium,
1490 2312 1715 2356 multum
1741 2310 2056 2367 exhortans,
2093 2319 2154 2357 ut
2187 2311 2383 2358 venias.

198 2401 413 2450 Bollius
432 2400 721 2479 respondit,
759 2417 813 2446 se
832 2416 952 2450 vero
985 2400 1117 2448 velle
1147 2400 1418 2459 honorem,
1488 2400 1569 2463 qvi
1617 2400 1701 2446 illi
1734 2418 1768 2446 a
1808 2401 1911 2446 tali
1941 2400 2054 2448 viro
2091 2399 2385 2464 offerretur,

199 2499 508 2556 acceptare,
544 2481 719 2552 itaqve
739 2494 792 2536 se'
815 2487 1366 2552 venturumpromisit.
1427 2490 1554 2536 Tum
1574 2498 1625 2536 et
1649 2490 1750 2536 alii
1772 2489 1876 2536 viri
1887 2488 2100 2536 similia
2123 2491 2208 2536 illi
2230 2490 2383 2536 exhi-

198 2579 350 2627 buere
363 2579 614 2626 amicitia:
627 2580 966 2642 documenta3
983 2579 1231 2628 Arnorus
1253 2579 1385 2625 enim
1399 2568 1864 2642 IYjerlingarnes'us
1876 2580 2112 2627 Bollium
2137 2580 2386 2628 invitavit

195 2668 492 2733 Myhlabaei
522 2670 597 2716 ad
625 2668 912 2717 convivium
936 2669 1316 2716 celebrandum.
1361 2669 1703 2716 Thorsteinus
1725 2679 1843 2717 erat
1866 2687 2050 2718 nomen
2072 2670 2215 2731 viro,·
2238 2670 2383 2717 Hals

197 2757 586 2819 habitaculum,
618 2768 782 2823 pater
805 2759 1183 2820 Hellunarjus.
1240 2760 1344 2806 Ille
1364 2759 1615 2819 Bollium,
1648 2762 1852 2824 qvando
1889 2778 1923 2807 a
1947 2760 2149 2807 boreali
2172 2759 2382 2821 regione

198 2849 409 2906 rediret,
436 2850 577 2906 adse
599 2849 873 2909 invitavit5
905 2850 1144 2897 Bollium
1157 2866 1339 2912 qvoqve
1365 2848 1618 2913 invitavit
1647 2851 1887 2898 Thordus
1911 2849 2296 2923 Marboelensis.
2331 2848 2380 2895 E

198 2938 424 2985 comitiis
438 2939 719 2995 discessum
733 2949 837 2998 est,
856 2941 1069 2987 Bollius
1087 2942 1292 2995 domum
1308 2956 1427 3002 eqvo
1442 2947 1628 2986 vectus.
1661 2940 1786 2986 Hac
1801 2948 1931 2985 aesta
1940 2948 1986 2984 te
1999 2955 2067 2985 na
2076 2940 2379 3002 vstugur-

199 3028 416 3074 darnesi
439 3029 660 3092 appulit
682 3039 837 3094 atqve
862 3029 1048 3076 ibidem
1071 3030 1324 3076 subducta
1352 3037 1440 3075 est.
1514 3030 1727 3075 Bollius
1756 3029 1878 3075 XII
1899 3034 2250 3075 mercatorum
2275 3028 2376 3075 lio-

198 3116 361 3179 spitio
386 3118 604 3181 excepit,
625 3098 814 3184 imper
835 3121 1067 3184 hyemem
1092 3118 1564 3176 commorabantur,
1582 3134 1831 3182 generoso
1852 3116 2003 3181 apud
2018 3108 2253 3165 Bollium
2276 3111 2376 3164 7104

198 3207 364 3268 spitio
393 3215 595 3256 utentes
603 3226 639 3271 ,··
661 3225 819 3274 usqae
841 3211 915 3256 ad
918 3211 1128 3273 julense
1153 3219 1356 3273 tempus
1375 3209 1789 3272 praeterlapsum
1814 3196 2376 3273 q'vie‘ti*‘⁵illi·mansere.

2003 3299 2107 3346 Xx
