2956 3854
0 3746 10 3854 ww
0 3595 19 3738 ἴημα-τὴν.»
0 3543 9 3590 -n-
0 3535 4 3539 ν
0 3521 6 3531 α
1 3511 7 3517 .

1162 343 1183 352 -
1235 274 1358 327 385

210 452 413 491 statem.
503 442 802 499 Iliorkillus
838 443 950 490 lzaec
975 458 1098 491 vera
1122 441 1419 505 intelligens
1442 456 1678 490 reversus
1704 449 1794 487 est.
1873 441 1994 487 Jam
2018 440 2080 488 de
2107 440 2375 488 Thorkillo

207 531 383 595 Eyolfi
391 531 513 593 filio
537 530 953 592 memorandum,
991 548 1104 579 cum
1137 530 1437 594 Iielgafelli
1460 531 1704 592 nuptiale
1738 531 2026 578 convivium
2066 530 2346 576 celebravit
2357 547 2374 589 ,·

208 622 364 668 multi
405 621 476 668 ibi
532 630 893 670 convenerant.
978 623 1233 685 Vespere,
1278 622 1390 668 cum
1417 619 1643 666 convivoe
1674 636 1862 665 manus
1892 621 2166 677 lavarent,
2224 620 2376 665 Gun-

210 726 376 757 narus
436 710 857 757 (Ilzidrandicida
925 727 1039 757 cum
1087 710 1302 758 coeteris
1345 718 1454 760 tum
1507 709 1775 755 'Ihorkillo
1813 725 2000 772 aqvam
2032 707 2374 761 ministravit.

210 799 385 862 Caput
412 780 627 861 grandi*
640 800 784 861 pileo
825 799 1106 847 obtexerat.
1196 786 1497 846 Thorkillus
1522 798 1692 844 virum
1715 813 2014 859 cognoscere
2035 805 2217 854 ratus,
2262 813 2376 843 eum

201 889 264 935 de
288 888 494 935 nomine
515 889 736 950 rogavit.
809 889 914 935 Ille
959 904 1157 947 nomen,
1189 889 1320 951 qvod
1347 887 1649 934 conveniens
1673 888 1839 934 visum
1862 895 1966 946 est,
2017 886 2166 932 haud
2186 902 2375 944 verum,

206 977 384 1022 edixit.
448 976 766 1034 Thorkillus,
793 979 1053 1024 Gudruna
1072 977 1145 1022 ad
1166 993 1218 1022 se
1242 957 1451 1036 vocata,
1485 977 1798 1022 Gunnarum
1805 976 1970 1039 jussit
1989 976 2150 1032 abire,
2186 992 2239 1021 se
2262 990 2375 1020 cum

204 1081 261 1112 eo
283 1065 440 1112 simul
453 1075 892 1113 commoraturum
917 1081 1129 1127 negans.
1203 1065 1463 1110 Gudruna
1491 1064 1655 1110 dixit.-
1689 1065 1734 1110 εἰ
1756 1081 1837 1110 res
1867 1066 2120 1110 talimodo
2139 1080 2245 1109 sese
2269 1063 2376 1108 ha-

203 1153 358 1208 beret,
389 1153 658 1201 leorkillo
680 1171 786 1201 esse
813 1153 1122 1208 abeundum,
1148 1152 1194 1197 si
1218 1151 1326 1213 ipsi
1357 1151 1581 1210 luberet,
1617 1169 1708 1198 nec
1731 1151 1831 1198 sibi
1858 1153 2152 1214 displicere,
2188 1152 2234 1197 si
2261 1167 2374 1197 eum

200 1242 450 1289 maritum
475 1259 581 1289 non
606 1243 885 1289 sortiretur
896 1258 913 1299 3
950 1257 1041 1288 nec
1070 1249 1216 1287 tuum
1242 1240 1425 1304 inqvit,
1458 1241 1754 1288 thalamum
1779 1242 1919 1288 tanti
1941 1242 2115 1302 facio,
2165 1250 2223 1287 ut
2253 1249 2372 1291 tru-

201 1330 484 1378 cidandum
508 1332 711 1380 tradem
739 1332 924 1388 virum,
962 1347 1102 1395 qvem
1127 1347 1219 1392 ego
1242 1338 1508 1378 servatum
1530 1332 1661 1378 volo.
1734 1332 1929 1378 Snorro
1948 1331 2190 1379 Anti-stes
2218 1331 2373 1378 Gud-

202 1435 353 1468 runoe
385 1421 586 1468 amicus
623 1421 694 1467 ibi
731 1422 949 1482 aderat,
986 1419 1137 1466 ‚domi
1178 1418 1289 1464 illis
1317 1428 1522 1482 proesto
1560 1428 1715 1466 erant
1752 1421 1855 1468 viri
1888 1421 1951 1479 C,·
2007 1438 2155 1484 qvam
2183 1421 2242 1467 ob
2265 1437 2370 1467 rem

208 1509 509 1557 leorkillus
522 1511 727 1558 nullam
742 1502 1088 1558 conditionem
1097 1508 1227 1571 paci
1231 1509 1495 1571 praetulit.
1532 1508 1739 1556 Deinde
1760 1509 2018 1556 leorkilli
2031 1508 2081 1558 δε
2098 1512 2371 1557 Gudrunae

202 1599 478 1646 celebratae
513 1601 731 1663 nuptiae.
826 1601 937 1647 Illa
972 1615 1091 1647 vero
1117 1598 1375 1644 Gannaro
1406 1599 1453 1644 T
1447 1597 1840 1644 hidrandicidae
1849 1634 1865 1656 ,
1898 1601 2182 1657 adjuvante
2203 1601 2371 1647 Snor-

203 1672 329 1736 rone
353 1689 612 1747 antistite,
637 1698 977 1736 commeatum
1000 1689 1075 1734 ad
1097 1695 1300 1734 extero-s·
1315 1687 1663 1749 procuravit,
1709 1704 1917 1751 eumqve
1939 1691 2109 1735 multa
2145 1706 2259 1736 cum
2296 1690 2370 1734 li·-

202 1777 485 1824 beralitate
509 1778 726 1824 dimisit.
801 1778 1090 1824 Gumzarus
1113 1791 1175 1822 ex
1196 1774 1445 1821 Islandia
1459 1775 1736 1837 profectus
1757 1793 2018 1840 nunqvam
2039 1780 2213 1826 rediit.
2269 1779 2371 1824 Ille

203 1868 473 1914 Gudrunoe
492 1866 800 1929 Osvififiliae
822 1867 1102 1930 splendida
1118 1864 1262 1910 misit
1273 1879 1514 1923 munera,
1528 1865 1863 1929 Sveinkioqve
1883 1870 2143 1925 nuntium,
2159 1884 2369 1930 rogans,

196 1963 255 2003 ut
274 1956 348 2002 ad
368 1972 421 2002 se
445 1955 644 2003 veniret
653 1971 671 2013 ;
710 1955 800 2002 ille
833 1971 950 2003 vero
978 1955 1026 2001 ei
1042 1953 1208 2019 geesit
1229 1969 1436 1999 morem.
1512 1954 1801 2000 Gunnarus
1824 1956 1975 2002 illum
1998 1959 2198 2021 egregie
2222 1974 2372 2004 exce-

192 2045 309 2107 pit,
351 2041 899 2114 &praestautissimis
933 2041 1316 2090 conditionibus
1354 2042 1648 2090 honoravit.
1738 2044 1794 2091 Is
1820 2046 1895 2091 ad
1934 2048 2175 2093 ultimam
2217 2063 2369 2111 usqve

178 2142 510 2180 [senectutem
535 2133 591 2180 in
613 2133 876 2197 Norvegia
908 2132 1062 2195 degit.

463 2222 549 2268 Sic
563 2224 781 2286 explicit
809 2224 946 2271 illud
971 2219 1135 2285 caput
1150 2220 1405 2282 historice,
1431 2223 1567 2286 qvod
1584 2223 1646 2272 de
1670 2226 1917 2274 Gunnari
1938 2227 1982 2274 T
1979 2226 2366 2275 liidrandicidae

196 2312 347 2360 rebus
383 2311 498 2375 agit
535 2314 710 2375 getii-s.

1952 3297 2096 3356 Ceo
