<?xml version="1.0" encoding="UTF-8"?>
<!DOCTYPE html PUBLIC "-//W3C//DTD XHTML 1.0 Transitional//EN"
    "http://www.w3.org/TR/xhtml1/DTD/xhtml1-transitional.dtd">
<html xmlns="http://www.w3.org/1999/xhtml" xml:lang="en" lang="en">
 <head>
  <title>
</title>
<meta http-equiv="Content-Type" content="text/html;charset=utf-8" />
  <meta name='ocr-system' content='tesseract 3.04.00' />
  <meta name='ocr-capabilities' content='ocr_page ocr_carea ocr_par ocr_line ocrx_word'/>
</head>
<body>
  <div class='ocr_page' id='page_1' title='image "./laxdaelasagasive00hafnuoft_0081.png"; bbox 0 0 2956 3854; ppageno 0'>
   <div class='ocr_carea' id='block_1_1' title="bbox 1281 245 1361 302">
    <p class='ocr_par' dir='ltr' id='par_1_1' title="bbox 1281 245 1361 302">
     <span class='ocr_line' id='line_1_1' title="bbox 1281 245 1361 302; baseline -0.038 -4"><span class='ocrx_word' id='word_1_1' title='bbox 1281 245 1361 302; x_wconf 86' lang='lat'><em>51</em></span> 
     </span>
    </p>
   </div>
   <div class='ocr_carea' id='block_1_2' title="bbox 1188 312 1474 322">
    <p class='ocr_par' dir='ltr' id='par_1_2' title="bbox 1188 312 1474 322">
     <span class='ocr_line' id='line_1_2' title="bbox 1188 312 1474 322; baseline 0 3532"><span class='ocrx_word' id='word_1_2' title='bbox 1188 312 1474 322; x_wconf 95' lang='lat' dir='ltr'><em> </em></span> 
     </span>
    </p>
   </div>
   <div class='ocr_carea' id='block_1_3' title="bbox 1123 409 1540 470">
    <p class='ocr_par' dir='ltr' id='par_1_3' title="bbox 1123 409 1540 470">
     <span class='ocr_line' id='line_1_3' title="bbox 1123 409 1540 470; baseline -0.002 -1"><span class='ocrx_word' id='word_1_3' title='bbox 1123 412 1298 469; x_wconf 82' lang='lat' dir='ltr'><strong>CAP..</strong></span> <span class='ocrx_word' id='word_1_4' title='bbox 1360 409 1540 470; x_wconf 84' lang='lat' dir='ltr'>XVI.-</span> 
     </span>
    </p>
   </div>
   <div class='ocr_carea' id='block_1_4' title="bbox 215 519 2416 3197">
    <p class='ocr_par' dir='ltr' id='par_1_4' title="bbox 215 519 2416 3197">
     <span class='ocr_line' id='line_1_4' title="bbox 509 519 2414 610; baseline 0.003 -23"><span class='ocrx_word' id='word_1_5' title='bbox 509 519 640 590; x_wconf 84' lang='lat' dir='ltr'><em>Hoc</em></span> <span class='ocrx_word' id='word_1_6' title='bbox 679 542 805 603; x_wconf 82' lang='lat' dir='ltr'><em>fere</em></span> <span class='ocrx_word' id='word_1_7' title='bbox 824 550 1053 605; x_wconf 85' lang='lat' dir='ltr'><em>tempore</em></span> <span class='ocrx_word' id='word_1_8' title='bbox 1073 536 1352 605; x_wconf 82' lang='lat' dir='ltr'><em>Asgautus</em></span> <span class='ocrx_word' id='word_1_9' title='bbox 1394 541 1601 587; x_wconf 86' lang='lat' dir='ltr'><em>domum</em></span> <span class='ocrx_word' id='word_1_10' title='bbox 1625 540 1783 588; x_wconf 78' lang='lat' dir='ltr'><em>rediit</em></span> <span class='ocrx_word' id='word_1_11' title='bbox 1813 540 1862 591; x_wconf 78' lang='lat'><em>8&lt;</em></span> <span class='ocrx_word' id='word_1_12' title='bbox 1887 560 1922 590; x_wconf 86' lang='lat' dir='ltr'><em>a</em></span> <span class='ocrx_word' id='word_1_13' title='bbox 1949 546 2007 592; x_wconf 96' lang='lat' dir='ltr'><em>V</em></span> <span class='ocrx_word' id='word_1_14' title='bbox 2002 543 2175 608; x_wconf 86' lang='lat' dir='ltr'><em>igdisa</em></span> <span class='ocrx_word' id='word_1_15' title='bbox 2199 545 2414 610; x_wconf 80' lang='lat' dir='ltr'><em>benigne</em></span> 
     </span>
     <span class='ocr_line' id='line_1_5' title="bbox 244 630 2414 696; baseline 0.003 -19"><span class='ocrx_word' id='word_1_16' title='bbox 244 630 487 694; x_wconf 71' lang='lat' dir='ltr'><em>exceptus</em></span> <span class='ocrx_word' id='word_1_17' title='bbox 508 632 759 696; x_wconf 64' lang='lat' dir='ltr'><em>simulque</em></span> <span class='ocrx_word' id='word_1_18' title='bbox 778 639 1014 693; x_wconf 72' lang='lat' dir='ltr'><em>rogatu-9,</em></span> <span class='ocrx_word' id='word_1_19' title='bbox 1053 632 1200 695; x_wconf 76' lang='lat' dir='ltr'><em>qvali</em></span> <span class='ocrx_word' id='word_1_20' title='bbox 1235 631 1469 694; x_wconf 78' lang='lat' dir='ltr'><em>hospitio</em></span> <span class='ocrx_word' id='word_1_21' title='bbox 1499 630 1805 691; x_wconf 78' lang='lat' dir='ltr'><em>Saudafebli</em></span> <span class='ocrx_word' id='word_1_22' title='bbox 1834 634 1916 695; x_wconf 84' lang='lat' dir='ltr'><em>usi</em></span> <span class='ocrx_word' id='word_1_23' title='bbox 1955 634 2087 695; x_wconf 85' lang='lat' dir='ltr'><em>sint,·</em></span> <span class='ocrx_word' id='word_1_24' title='bbox 2124 636 2214 682; x_wconf 89' lang='lat' dir='ltr'><em>ille</em></span> <span class='ocrx_word' id='word_1_25' title='bbox 2236 634 2414 683; x_wconf 83' lang='lat' dir='ltr'><em>autem</em></span> 
     </span>
     <span class='ocr_line' id='line_1_6' title="bbox 243 719 2414 785; baseline 0.002 -19"><span class='ocrx_word' id='word_1_26' title='bbox 243 720 490 777; x_wconf 76' lang='lat' dir='ltr'><em>laudavit</em></span> <span class='ocrx_word' id='word_1_27' title='bbox 524 721 813 783; x_wconf 77' lang='lat' dir='ltr'><em>hospitium</em></span> <span class='ocrx_word' id='word_1_28' title='bbox 837 729 992 785; x_wconf 77' lang='lat' dir='ltr'><em>atqve</em></span> <span class='ocrx_word' id='word_1_29' title='bbox 1030 722 1319 768; x_wconf 78' lang='lat' dir='ltr'><em>novissima</em></span> <span class='ocrx_word' id='word_1_30' title='bbox 1352 722 1399 767; x_wconf 88' lang='lat' dir='ltr'><em>T</em></span> <span class='ocrx_word' id='word_1_31' title='bbox 1393 719 1582 782; x_wconf 82' lang='lat' dir='ltr'><em>liorolfi</em></span> <span class='ocrx_word' id='word_1_32' title='bbox 1620 720 1776 769; x_wconf 72' lang='lat' dir='ltr'><em>verba</em></span> <span class='ocrx_word' id='word_1_33' title='bbox 1807 724 2118 770; x_wconf 83' lang='lat' dir='ltr'><em>memoravit</em></span> <span class='ocrx_word' id='word_1_34' title='bbox 2127 740 2145 782; x_wconf 74' lang='lat'><em>&gt;⁶</em></span> <span class='ocrx_word' id='word_1_35' title='bbox 2192 725 2304 771; x_wconf 80' lang='lat' dir='ltr'><em>lzaec</em></span> <span class='ocrx_word' id='word_1_36' title='bbox 2329 724 2414 771; x_wconf 86' lang='lat' dir='ltr'><em>illi</em></span> 
     </span>
     <span class='ocr_line' id='line_1_7' title="bbox 239 793 2414 879; baseline 0.001 -24"><span class='ocrx_word' id='word_1_37' title='bbox 239 809 461 856; x_wconf 85' lang='lat' dir='ltr'><em>multum</em></span> <span class='ocrx_word' id='word_1_38' title='bbox 478 810 746 872; x_wconf 80' lang='lat' dir='ltr'><em>placuere.</em></span> <span class='ocrx_word' id='word_1_39' title='bbox 825 811 902 857; x_wconf 90' lang='lat' dir='ltr'><em>Tu</em></span> <span class='ocrx_word' id='word_1_40' title='bbox 937 811 1080 872; x_wconf 83' lang='lat' dir='ltr'><em>jam,</em></span> <span class='ocrx_word' id='word_1_41' title='bbox 1118 811 1312 874; x_wconf 82' lang='lat' dir='ltr'><em>inqvit,</em></span> <span class='ocrx_word' id='word_1_42' title='bbox 1336 793 1622 872; x_wconf 45' lang='lat' dir='ltr'><em>⁸Asgaute!</em></span> <span class='ocrx_word' id='word_1_43' title='bbox 1657 809 1778 856; x_wconf 83' lang='lat' dir='ltr'><em>hene</em></span> <span class='ocrx_word' id='word_1_44' title='bbox 1818 820 1972 876; x_wconf 70' lang='lat' dir='ltr'><em>atqve</em></span> <span class='ocrx_word' id='word_1_45' title='bbox 1991 811 2228 874; x_wconf 84' lang='lat' dir='ltr'><em>fideliter</em></span> <span class='ocrx_word' id='word_1_46' title='bbox 2252 829 2414 879; x_wconf 79' lang='lat' dir='ltr'><em>nego-</em></span> 
     </span>
     <span class='ocr_line' id='line_1_8' title="bbox 241 897 2412 965; baseline 0.002 -22"><span class='ocrx_word' id='word_1_47' title='bbox 241 897 319 944; x_wconf 84' lang='lat' dir='ltr'><em>tia</em></span> <span class='ocrx_word' id='word_1_48' title='bbox 341 906 435 944; x_wconf 88' lang='lat' dir='ltr'><em>tua</em></span> <span class='ocrx_word' id='word_1_49' title='bbox 457 898 750 961; x_wconf 80' lang='lat' dir='ltr'><em>perfecisti,</em></span> <span class='ocrx_word' id='word_1_50' title='bbox 786 901 969 946; x_wconf 82' lang='lat' dir='ltr'><em>statim</em></span> <span class='ocrx_word' id='word_1_51' title='bbox 999 900 1175 965; x_wconf 80' lang='lat' dir='ltr'><em>itaqve</em></span> <span class='ocrx_word' id='word_1_52' title='bbox 1203 901 1357 956; x_wconf 62' lang='lat' dir='ltr'><em>scia-9,</em></span> <span class='ocrx_word' id='word_1_53' title='bbox 1381 901 1518 963; x_wconf 77' lang='lat' dir='ltr'><em>qvod</em></span> <span class='ocrx_word' id='word_1_54' title='bbox 1537 898 1632 944; x_wconf 84' lang='lat' dir='ltr'><em>tibi</em></span> <span class='ocrx_word' id='word_1_55' title='bbox 1654 898 1852 945; x_wconf 81' lang='lat' dir='ltr'><em>laboris</em></span> <span class='ocrx_word' id='word_1_56' title='bbox 1866 901 2412 962; x_wconf 86' lang='lat' dir='ltr'><em>praemiumfuturum</em></span> 
     </span>
     <span class='ocr_line' id='line_1_9' title="bbox 240 972 2414 1052; baseline 0.002 -20"><span class='ocrx_word' id='word_1_57' title='bbox 240 986 337 1034; x_wconf 84' lang='lat' dir='ltr'><em>sit:</em></span> <span class='ocrx_word' id='word_1_58' title='bbox 394 987 449 1036; x_wconf 88' lang='lat' dir='ltr'><em>in</em></span> <span class='ocrx_word' id='word_1_59' title='bbox 485 986 779 1035; x_wconf 82' lang='lat' dir='ltr'><em>libertatem</em></span> <span class='ocrx_word' id='word_1_60' title='bbox 810 997 859 1034; x_wconf 89' lang='lat' dir='ltr'><em>te</em></span> <span class='ocrx_word' id='word_1_61' title='bbox 888 990 1121 1048; x_wconf 74' lang='lat' dir='ltr'><em>vindico,</em></span> <span class='ocrx_word' id='word_1_62' title='bbox 1176 990 1254 1035; x_wconf 85' lang='lat' dir='ltr'><em>ita</em></span> <span class='ocrx_word' id='word_1_63' title='bbox 1294 997 1354 1035; x_wconf 89' lang='lat' dir='ltr'><em>ut</em></span> <span class='ocrx_word' id='word_1_64' title='bbox 1387 995 1518 1052; x_wconf 86' lang='lat' dir='ltr'><em>post</em></span> <span class='ocrx_word' id='word_1_65' title='bbox 1551 987 1690 1033; x_wconf 78' lang='lat' dir='ltr'><em>liunc</em></span> <span class='ocrx_word' id='word_1_66' title='bbox 1722 972 1857 1033; x_wconf 84' lang='lat' dir='ltr'><em>diem</em></span> <span class='ocrx_word' id='word_1_67' title='bbox 1883 1005 1989 1051; x_wconf 92' lang='lat' dir='ltr'><em>pro</em></span> <span class='ocrx_word' id='word_1_68' title='bbox 2022 990 2184 1036; x_wconf 85' lang='lat' dir='ltr'><em>libero</em></span> <span class='ocrx_word' id='word_1_69' title='bbox 2207 990 2414 1037; x_wconf 77' lang='lat' dir='ltr'><em>homine</em></span> 
     </span>
     <span class='ocr_line' id='line_1_10' title="bbox 238 1075 2412 1141; baseline 0.001 -19"><span class='ocrx_word' id='word_1_70' title='bbox 238 1075 507 1122; x_wconf 74' lang='lat' dir='ltr'><em>habendus</em></span> <span class='ocrx_word' id='word_1_71' title='bbox 529 1076 601 1121; x_wconf 90' lang='lat' dir='ltr'><em>sis</em></span> <span class='ocrx_word' id='word_1_72' title='bbox 610 1109 629 1135; x_wconf 78' lang='lat'><em>,</em></span> <span class='ocrx_word' id='word_1_73' title='bbox 666 1085 935 1139; x_wconf 86' lang='lat' dir='ltr'><em>proeterea</em></span> <span class='ocrx_word' id='word_1_74' title='bbox 968 1079 1208 1141; x_wconf 84' lang='lat' dir='ltr'><em>accipias</em></span> <span class='ocrx_word' id='word_1_75' title='bbox 1237 1079 1390 1131; x_wconf 77' lang='lat' dir='ltr'><em>illam</em></span> <span class='ocrx_word' id='word_1_76' title='bbox 1402 1076 1703 1140; x_wconf 88' lang='lat' dir='ltr'><em>pecuniam,</em></span> <span class='ocrx_word' id='word_1_77' title='bbox 1742 1094 1895 1140; x_wconf 81' lang='lat' dir='ltr'><em>qvam</em></span> <span class='ocrx_word' id='word_1_78' title='bbox 1929 1079 2167 1125; x_wconf 79' lang='lat' dir='ltr'><em>Thordus</em></span> <span class='ocrx_word' id='word_1_79' title='bbox 2185 1095 2290 1141; x_wconf 89' lang='lat' dir='ltr'><em>pro</em></span> <span class='ocrx_word' id='word_1_80' title='bbox 2316 1096 2412 1124; x_wconf 82' lang='lat' dir='ltr'><em>ca-</em></span> 
     </span>
     <span class='ocr_line' id='line_1_11' title="bbox 231 1163 2412 1235; baseline 0.002 -25"><span class='ocrx_word' id='word_1_81' title='bbox 231 1164 350 1234; x_wconf 81' lang='lat' dir='ltr'><em>pite</em></span> <span class='ocrx_word' id='word_1_82' title='bbox 386 1163 618 1226; x_wconf 66' lang='lat' dir='ltr'><em>Thorolfi&#39;</em></span> <span class='ocrx_word' id='word_1_83' title='bbox 646 1166 943 1230; x_wconf 79' lang='lat' dir='ltr'><em>propinqvi</em></span> <span class='ocrx_word' id='word_1_84' title='bbox 972 1168 1073 1213; x_wconf 86' lang='lat' dir='ltr'><em>mei</em></span> <span class='ocrx_word' id='word_1_85' title='bbox 1103 1167 1329 1230; x_wconf 79' lang='lat' dir='ltr'><em>recepit,</em></span> <span class='ocrx_word' id='word_1_86' title='bbox 1385 1167 1463 1212; x_wconf 88' lang='lat' dir='ltr'><em>ita</em></span> <span class='ocrx_word' id='word_1_87' title='bbox 1499 1167 1637 1224; x_wconf 84' lang='lat' dir='ltr'><em>enim</em></span> <span class='ocrx_word' id='word_1_88' title='bbox 1679 1167 1792 1213; x_wconf 76' lang='lat' dir='ltr'><em>lzoec</em></span> <span class='ocrx_word' id='word_1_89' title='bbox 1823 1168 2073 1235; x_wconf 27' lang='lat' dir='ltr'><em>pecunia·</em></span> <span class='ocrx_word' id='word_1_90' title='bbox 2105 1169 2161 1214; x_wconf 89' lang='lat' dir='ltr'><em>in</em></span> <span class='ocrx_word' id='word_1_91' title='bbox 2198 1169 2412 1215; x_wconf 87' lang='lat' dir='ltr'><em>meliore</em></span> 
     </span>
     <span class='ocr_line' id='line_1_12' title="bbox 238 1238 2413 1327; baseline 0.003 -28"><span class='ocrx_word' id='word_1_92' title='bbox 238 1253 351 1300; x_wconf 87' lang='lat' dir='ltr'><em>loco</em></span> <span class='ocrx_word' id='word_1_93' title='bbox 387 1253 630 1320; x_wconf 85' lang='lat' dir='ltr'><em>deposita</em></span> <span class='ocrx_word' id='word_1_94' title='bbox 668 1242 890 1302; x_wconf 77' lang='lat' dir='ltr'><em>videtur.</em></span> <span class='ocrx_word' id='word_1_95' title='bbox 988 1258 1098 1304; x_wconf 92' lang='lat' dir='ltr'><em>Pro</em></span> <span class='ocrx_word' id='word_1_96' title='bbox 1140 1257 1237 1302; x_wconf 79' lang='lat' dir='ltr'><em>hoc</em></span> <span class='ocrx_word' id='word_1_97' title='bbox 1260 1238 1469 1323; x_wconf 79' lang='lat' dir='ltr'><em>munere</em></span> <span class='ocrx_word' id='word_1_98' title='bbox 1490 1254 1767 1318; x_wconf 84' lang='lat' dir='ltr'><em>Asgautus</em></span> <span class='ocrx_word' id='word_1_99' title='bbox 1798 1255 1968 1303; x_wconf 68' lang='lat' dir='ltr'><em>multa</em></span> <span class='ocrx_word' id='word_1_100' title='bbox 2003 1258 2274 1305; x_wconf 73' lang='lat' dir='ltr'><em>verborum</em></span> <span class='ocrx_word' id='word_1_101' title='bbox 2305 1260 2413 1327; x_wconf 60' lang='lat' dir='ltr'><em>elq—</em></span> 
     </span>
     <span class='ocr_line' id='line_1_13' title="bbox 232 1342 2410 1410; baseline 0.003 -22"><span class='ocrx_word' id='word_1_102' title='bbox 232 1342 426 1405; x_wconf 81' lang='lat' dir='ltr'><em>gantia</em></span> <span class='ocrx_word' id='word_1_103' title='bbox 461 1342 547 1388; x_wconf 92' lang='lat' dir='ltr'><em>illi</em></span> <span class='ocrx_word' id='word_1_104' title='bbox 571 1344 787 1406; x_wconf 77' lang='lat' dir='ltr'><em>gratias</em></span> <span class='ocrx_word' id='word_1_105' title='bbox 814 1344 1013 1392; x_wconf 83' lang='lat' dir='ltr'><em>retulit.</em></span> <span class='ocrx_word' id='word_1_106' title='bbox 1080 1345 1280 1391; x_wconf 83' lang='lat' dir='ltr'><em>Eadem</em></span> <span class='ocrx_word' id='word_1_107' title='bbox 1304 1353 1490 1391; x_wconf 85' lang='lat' dir='ltr'><em>aestate</em></span> <span class='ocrx_word' id='word_1_108' title='bbox 1506 1344 1781 1408; x_wconf 83' lang='lat' dir='ltr'><em>Asgautus</em></span> <span class='ocrx_word' id='word_1_109' title='bbox 1805 1347 1934 1394; x_wconf 79' lang='lat' dir='ltr'><em>navi</em></span> <span class='ocrx_word' id='word_1_110' title='bbox 1958 1349 2032 1393; x_wconf 82' lang='lat' dir='ltr'><em>acl</em></span> <span class='ocrx_word' id='word_1_111' title='bbox 2054 1348 2410 1410; x_wconf 77' lang='lat' dir='ltr'><em>Dagverclar-</em></span> 
     </span>
     <span class='ocr_line' id='line_1_14' title="bbox 238 1417 2410 1500; baseline 0.002 -22"><span class='ocrx_word' id='word_1_112' title='bbox 238 1447 328 1478; x_wconf 82' lang='lat' dir='ltr'><em>nes</em></span> <span class='ocrx_word' id='word_1_113' title='bbox 358 1428 673 1493; x_wconf 78' lang='lat' dir='ltr'><em>comparata</em></span> <span class='ocrx_word' id='word_1_114' title='bbox 687 1428 801 1491; x_wconf 65' lang='lat' dir='ltr'><em>&#39;.-in</em></span> <span class='ocrx_word' id='word_1_115' title='bbox 833 1434 1004 1480; x_wconf 86' lang='lat' dir='ltr'><em>altum</em></span> <span class='ocrx_word' id='word_1_116' title='bbox 1038 1439 1240 1491; x_wconf 58' lang='lat' dir='ltr'><em>vectus,</em></span> <span class='ocrx_word' id='word_1_117' title='bbox 1285 1442 1441 1497; x_wconf 80' lang='lat' dir='ltr'><em>atqve</em></span> <span class='ocrx_word' id='word_1_118' title='bbox 1464 1434 1840 1481; x_wconf 78' lang='lat' dir='ltr'><em>vehementiore</em></span> <span class='ocrx_word' id='word_1_119' title='bbox 1857 1417 1988 1482; x_wconf 13' lang='lat' dir='ltr'><em>lusus</em></span> <span class='ocrx_word' id='word_1_120' title='bbox 2016 1445 2168 1485; x_wconf 79' lang='lat' dir='ltr'><em>vento</em></span> <span class='ocrx_word' id='word_1_121' title='bbox 2199 1437 2410 1500; x_wconf 80' lang='lat' dir='ltr'><em>ideoqve</em></span> 
     </span>
     <span class='ocr_line' id='line_1_15' title="bbox 238 1519 2414 1590; baseline 0.003 -24"><span class='ocrx_word' id='word_1_122' title='bbox 238 1520 340 1567; x_wconf 80' lang='lat' dir='ltr'><em>iter</em></span> <span class='ocrx_word' id='word_1_123' title='bbox 365 1519 509 1568; x_wconf 79' lang='lat' dir='ltr'><em>brevi</em></span> <span class='ocrx_word' id='word_1_124' title='bbox 529 1537 760 1576; x_wconf 86' lang='lat' dir='ltr'><em>emensus</em></span> <span class='ocrx_word' id='word_1_125' title='bbox 789 1524 864 1575; x_wconf 79' lang='lat' dir='ltr'><em>ad</em></span> <span class='ocrx_word' id='word_1_126' title='bbox 884 1523 1215 1590; x_wconf 78' lang='lat' dir='ltr'><em>Norvagiam</em></span> <span class='ocrx_word' id='word_1_127' title='bbox 1237 1523 1483 1585; x_wconf 84' lang='lat' dir='ltr'><em>appulit,</em></span> <span class='ocrx_word' id='word_1_128' title='bbox 1531 1523 1716 1570; x_wconf 84' lang='lat' dir='ltr'><em>deinde</em></span> <span class='ocrx_word' id='word_1_129' title='bbox 1736 1524 1977 1571; x_wconf 88' lang='lat' dir='ltr'><em>Daniam</em></span> <span class='ocrx_word' id='word_1_130' title='bbox 2009 1527 2285 1588; x_wconf 86' lang='lat' dir='ltr'><em>profectus</em></span> <span class='ocrx_word' id='word_1_131' title='bbox 2308 1526 2414 1572; x_wconf 86' lang='lat' dir='ltr'><em>ibi-</em></span> 
     </span>
     <span class='ocr_line' id='line_1_16' title="bbox 238 1608 2410 1677; baseline 0.002 -23"><span class='ocrx_word' id='word_1_132' title='bbox 238 1609 353 1667; x_wconf 79' lang='lat' dir='ltr'><em>dem</em></span> <span class='ocrx_word' id='word_1_133' title='bbox 387 1609 488 1654; x_wconf 85' lang='lat' dir='ltr'><em>sibi</em></span> <span class='ocrx_word' id='word_1_134' title='bbox 504 1609 635 1677; x_wconf 77' lang='lat' dir='ltr'><em>fixit</em></span> <span class='ocrx_word' id='word_1_135' title='bbox 674 1613 872 1671; x_wconf 82' lang='lat' dir='ltr'><em>sedem,</em></span> <span class='ocrx_word' id='word_1_136' title='bbox 927 1608 977 1657; x_wconf 84' lang='lat'>&amp;</span> <span class='ocrx_word' id='word_1_137' title='bbox 1005 1612 1096 1663; x_wconf 84' lang='lat' dir='ltr'><em>ille</em></span> <span class='ocrx_word' id='word_1_138' title='bbox 1132 1612 1335 1675; x_wconf 66' lang='lat' dir='ltr'><em>quidem</em></span> <span class='ocrx_word' id='word_1_139' title='bbox 1358 1611 1430 1656; x_wconf 84' lang='lat' dir='ltr'><em>ibi</em></span> <span class='ocrx_word' id='word_1_140' title='bbox 1450 1611 1623 1671; x_wconf 88' lang='lat' dir='ltr'><em>fortis</em></span> <span class='ocrx_word' id='word_1_141' title='bbox 1654 1612 1736 1659; x_wconf 76' lang='lat' dir='ltr'><em>vir</em></span> <span class='ocrx_word' id='word_1_142' title='bbox 1755 1612 2048 1659; x_wconf 77' lang='lat' dir='ltr'><em>habebatur</em></span> <span class='ocrx_word' id='word_1_143' title='bbox 2058 1631 2076 1674; x_wconf 78' lang='lat'><em>,-</em></span> <span class='ocrx_word' id='word_1_144' title='bbox 2101 1615 2311 1677; x_wconf 78' lang='lat' dir='ltr'><em>jamqve</em></span> <span class='ocrx_word' id='word_1_145' title='bbox 2337 1615 2410 1659; x_wconf 90' lang='lat' dir='ltr'><em>il·-</em></span> 
     </span>
     <span class='ocr_line' id='line_1_17' title="bbox 239 1686 2415 1765; baseline 0.003 -21"><span class='ocrx_word' id='word_1_146' title='bbox 239 1698 345 1763; x_wconf 76' lang='lat' dir='ltr'><em>lius</em></span> <span class='ocrx_word' id='word_1_147' title='bbox 364 1686 604 1744; x_wconf 76' lang='lat' dir='ltr'><em>historice</em></span> <span class='ocrx_word' id='word_1_148' title='bbox 611 1697 758 1760; x_wconf 86' lang='lat' dir='ltr'><em>finis.</em></span> <span class='ocrx_word' id='word_1_149' title='bbox 847 1702 1042 1765; x_wconf 88' lang='lat' dir='ltr'><em>Verum</em></span> <span class='ocrx_word' id='word_1_150' title='bbox 1064 1708 1195 1763; x_wconf 85' lang='lat' dir='ltr'><em>post</em></span> <span class='ocrx_word' id='word_1_151' title='bbox 1211 1699 1430 1760; x_wconf 85' lang='lat' dir='ltr'><em>factam</em></span> <span class='ocrx_word' id='word_1_152' title='bbox 1449 1699 1755 1763; x_wconf 81' lang='lat' dir='ltr'><em>pactionem</em></span> <span class='ocrx_word' id='word_1_153' title='bbox 1788 1701 1925 1747; x_wconf 81' lang='lat' dir='ltr'><em>inter</em></span> <span class='ocrx_word' id='word_1_154' title='bbox 1968 1702 2014 1748; x_wconf 86' lang='lat' dir='ltr'><em>T</em></span> <span class='ocrx_word' id='word_1_155' title='bbox 2010 1702 2231 1749; x_wconf 77' lang='lat' dir='ltr'><em>hordum</em></span> <span class='ocrx_word' id='word_1_156' title='bbox 2265 1704 2415 1750; x_wconf 83' lang='lat' dir='ltr'><em>God-</em></span> 
     </span>
     <span class='ocr_line' id='line_1_18' title="bbox 222 1766 2412 1855; baseline 0.002 -21"><span class='ocrx_word' id='word_1_157' title='bbox 222 1766 383 1834; x_wconf 77' lang='lat' dir='ltr'><em>¹dium</em></span> <span class='ocrx_word' id='word_1_158' title='bbox 410 1780 566 1851; x_wconf 81' lang='lat' dir='ltr'><em>atqve</em></span> <span class='ocrx_word' id='word_1_159' title='bbox 586 1788 893 1852; x_wconf 82' lang='lat' dir='ltr'><em>Ingjaldum</em></span> <span class='ocrx_word' id='word_1_160' title='bbox 930 1791 1431 1854; x_wconf 80' lang='lat' dir='ltr'><em>Saudeyargoclum,</em></span> <span class='ocrx_word' id='word_1_161' title='bbox 1481 1806 1596 1835; x_wconf 90' lang='lat' dir='ltr'><em>cum</em></span> <span class='ocrx_word' id='word_1_162' title='bbox 1621 1789 1984 1854; x_wconf 80' lang='lat' dir='ltr'><em>propinqvum</em></span> <span class='ocrx_word' id='word_1_163' title='bbox 2005 1793 2062 1841; x_wconf 89' lang='lat' dir='ltr'><em>V</em></span> <span class='ocrx_word' id='word_1_164' title='bbox 2059 1792 2244 1855; x_wconf 80' lang='lat' dir='ltr'><em>igclisae</em></span> <span class='ocrx_word' id='word_1_165' title='bbox 2270 1793 2315 1838; x_wconf 86' lang='lat' dir='ltr'><em>T</em></span> <span class='ocrx_word' id='word_1_166' title='bbox 2311 1793 2412 1838; x_wconf 78' lang='lat' dir='ltr'><em>ho-</em></span> 
     </span>
     <span class='ocr_line' id='line_1_19' title="bbox 237 1875 2412 1945; baseline 0.002 -23"><span class='ocrx_word' id='word_1_167' title='bbox 237 1875 436 1938; x_wconf 78' lang='lat' dir='ltr'><em>ro&#39;lsum</em></span> <span class='ocrx_word' id='word_1_168' title='bbox 461 1879 681 1924; x_wconf 72' lang='lat' dir='ltr'><em>e‘medio</em></span> <span class='ocrx_word' id='word_1_169' title='bbox 715 1879 898 1926; x_wconf 86' lang='lat' dir='ltr'><em>tollere</em></span> <span class='ocrx_word' id='word_1_170' title='bbox 929 1880 1242 1938; x_wconf 76' lang='lat' dir='ltr'><em>voluissent,</em></span> <span class='ocrx_word' id='word_1_171' title='bbox 1281 1880 1382 1925; x_wconf 87' lang='lat' dir='ltr'><em>illa</em></span> <span class='ocrx_word' id='word_1_172' title='bbox 1421 1879 1536 1927; x_wconf 79' lang='lat' dir='ltr'><em>viro</em></span> <span class='ocrx_word' id='word_1_173' title='bbox 1575 1879 1844 1925; x_wconf 91' lang='lat' dir='ltr'><em>inimicam</em></span> <span class='ocrx_word' id='word_1_174' title='bbox 1883 1897 1944 1944; x_wconf 15' lang='lat' dir='ltr'><em>se&gt;</em></span> <span class='ocrx_word' id='word_1_175' title='bbox 1983 1877 2218 1928; x_wconf 78' lang='lat' dir='ltr'><em>exhibuit</em></span> <span class='ocrx_word' id='word_1_176' title='bbox 2257 1890 2412 1945; x_wconf 81' lang='lat' dir='ltr'><em>atqve</em></span> 
     </span>
     <span class='ocr_line' id='line_1_20' title="bbox 225 1965 2416 2033; baseline 0.001 -21"><span class='ocrx_word' id='word_1_177' title='bbox 225 1965 365 2027; x_wconf 68' lang='lat' dir='ltr'><em>fecit</em></span> <span class='ocrx_word' id='word_1_178' title='bbox 386 1966 672 2026; x_wconf 72' lang='lat' dir='ltr'><em>divortium</em></span> <span class='ocrx_word' id='word_1_179' title='bbox 697 1984 811 2022; x_wconf 88' lang='lat' dir='ltr'><em>cum</em></span> <span class='ocrx_word' id='word_1_180' title='bbox 843 1967 1051 2015; x_wconf 76' lang='lat' dir='ltr'><em>Thordo</em></span> <span class='ocrx_word' id='word_1_181' title='bbox 1077 1969 1300 2027; x_wconf 83' lang='lat' dir='ltr'><em>Goddio,</em></span> <span class='ocrx_word' id='word_1_182' title='bbox 1337 1966 1388 2016; x_wconf 70' lang='grc' dir='ltr'><em>ὃς</em></span> <span class='ocrx_word' id='word_1_183' title='bbox 1414 1970 1489 2015; x_wconf 83' lang='lat' dir='ltr'><em>ad</em></span> <span class='ocrx_word' id='word_1_184' title='bbox 1514 1969 1846 2031; x_wconf 83' lang='lat' dir='ltr'><em>propinqvos</em></span> <span class='ocrx_word' id='word_1_185' title='bbox 1869 1969 2020 2026; x_wconf 82' lang='lat' dir='ltr'><em>abiit,</em></span> <span class='ocrx_word' id='word_1_186' title='bbox 2047 1967 2098 2017; x_wconf 82' lang='lat'><em>8&lt;</em></span> <span class='ocrx_word' id='word_1_187' title='bbox 2118 1987 2230 2033; x_wconf 79' lang='lat' dir='ltr'><em>qvae</em></span> <span class='ocrx_word' id='word_1_188' title='bbox 2243 1971 2416 2030; x_wconf 80' lang='lat' dir='ltr'><em>sacta</em></span> 
     </span>
     <span class='ocr_line' id='line_1_21' title="bbox 240 2055 2408 2125; baseline 0.002 -23"><span class='ocrx_word' id='word_1_189' title='bbox 240 2063 408 2125; x_wconf 72' lang='lat' dir='ltr'><em>essent</em></span> <span class='ocrx_word' id='word_1_190' title='bbox 426 2055 624 2102; x_wconf 88' lang='lat' dir='ltr'><em>retulit.</em></span> <span class='ocrx_word' id='word_1_191' title='bbox 702 2057 911 2104; x_wconf 81' lang='lat' dir='ltr'><em>Thordo</em></span> <span class='ocrx_word' id='word_1_192' title='bbox 939 2057 1149 2103; x_wconf 87' lang='lat' dir='ltr'><em>Gellero</em></span> <span class='ocrx_word' id='word_1_193' title='bbox 1180 2058 1277 2104; x_wconf 80' lang='lat' dir='ltr'><em>hoc</em></span> <span class='ocrx_word' id='word_1_194' title='bbox 1302 2074 1503 2121; x_wconf 90' lang='lat' dir='ltr'><em>parum</em></span> <span class='ocrx_word' id='word_1_195' title='bbox 1531 2057 1761 2120; x_wconf 84' lang='lat' dir='ltr'><em>placuit,</em></span> <span class='ocrx_word' id='word_1_196' title='bbox 1796 2065 1971 2104; x_wconf 88' lang='lat' dir='ltr'><em>tamen</em></span> <span class='ocrx_word' id='word_1_197' title='bbox 1997 2058 2171 2105; x_wconf 89' lang='lat' dir='ltr'><em>omnia</em></span> <span class='ocrx_word' id='word_1_198' title='bbox 2196 2058 2408 2107; x_wconf 80' lang='lat' dir='ltr'><em>silentio</em></span> 
     </span>
     <span class='ocr_line' id='line_1_22' title="bbox 234 2145 2409 2209; baseline 0 -19"><span class='ocrx_word' id='word_1_199' title='bbox 234 2151 497 2207; x_wconf 76' lang='lat' dir='ltr'><em>peracta5</em></span> <span class='ocrx_word' id='word_1_200' title='bbox 554 2159 646 2190; x_wconf 85' lang='lat' dir='ltr'><em>nec</em></span> <span class='ocrx_word' id='word_1_201' title='bbox 677 2146 733 2193; x_wconf 91' lang='lat' dir='ltr'><em>V</em></span> <span class='ocrx_word' id='word_1_202' title='bbox 731 2145 905 2207; x_wconf 82' lang='lat' dir='ltr'><em>igdisa</em></span> <span class='ocrx_word' id='word_1_203' title='bbox 937 2147 1065 2208; x_wconf 87' lang='lat' dir='ltr'><em>plus</em></span> <span class='ocrx_word' id='word_1_204' title='bbox 1083 2146 1329 2209; x_wconf 88' lang='lat' dir='ltr'><em>pecuniae</em></span> <span class='ocrx_word' id='word_1_205' title='bbox 1367 2146 1732 2194; x_wconf 78' lang='lat' dir='ltr'><em>Goddastadis</em></span> <span class='ocrx_word' id='word_1_206' title='bbox 1774 2163 1943 2193; x_wconf 91' lang='lat' dir='ltr'><em>secum</em></span> <span class='ocrx_word' id='word_1_207' title='bbox 1992 2149 2198 2206; x_wconf 82' lang='lat' dir='ltr'><em>avexit,</em></span> <span class='ocrx_word' id='word_1_208' title='bbox 2255 2163 2409 2209; x_wconf 71' lang='lat' dir='ltr'><em>qvam</em></span> 
     </span>
     <span class='ocr_line' id='line_1_23' title="bbox 242 2228 2409 2299; baseline 0.001 -21"><span class='ocrx_word' id='word_1_209' title='bbox 242 2232 450 2278; x_wconf 88' lang='lat' dir='ltr'><em>cimelia</em></span> <span class='ocrx_word' id='word_1_210' title='bbox 481 2228 593 2278; x_wconf 86' lang='lat' dir='ltr'><em>sua.</em></span> <span class='ocrx_word' id='word_1_211' title='bbox 687 2234 810 2282; x_wconf 84' lang='lat' dir='ltr'><em>Viri</em></span> <span class='ocrx_word' id='word_1_212' title='bbox 850 2235 1231 2282; x_wconf 76' lang='lat' dir='ltr'><em>Hvammenses</em></span> <span class='ocrx_word' id='word_1_213' title='bbox 1275 2234 1597 2281; x_wconf 74' lang='lat' dir='ltr'><em>sermonibus</em></span> <span class='ocrx_word' id='word_1_214' title='bbox 1626 2234 1918 2298; x_wconf 81' lang='lat' dir='ltr'><em>jactabant</em></span> <span class='ocrx_word' id='word_1_215' title='bbox 1958 2254 2011 2283; x_wconf 84' lang='lat' dir='ltr'><em>se</em></span> <span class='ocrx_word' id='word_1_216' title='bbox 2054 2237 2205 2283; x_wconf 87' lang='lat' dir='ltr'><em>illam</em></span> <span class='ocrx_word' id='word_1_217' title='bbox 2239 2252 2409 2299; x_wconf 85' lang='lat' dir='ltr'><em>pecu-</em></span> 
     </span>
     <span class='ocr_line' id='line_1_24' title="bbox 242 2320 2407 2387; baseline 0.002 -20"><span class='ocrx_word' id='word_1_218' title='bbox 242 2320 404 2380; x_wconf 79' lang='lat' dir='ltr'><em>niam,</em></span> <span class='ocrx_word' id='word_1_219' title='bbox 434 2330 588 2383; x_wconf 78' lang='lat' dir='ltr'><em>qvam</em></span> <span class='ocrx_word' id='word_1_220' title='bbox 631 2321 871 2368; x_wconf 84' lang='lat' dir='ltr'><em>leordus</em></span> <span class='ocrx_word' id='word_1_221' title='bbox 897 2324 1136 2370; x_wconf 84' lang='lat' dir='ltr'><em>Goddius</em></span> <span class='ocrx_word' id='word_1_222' title='bbox 1156 2331 1439 2383; x_wconf 82' lang='lat' dir='ltr'><em>tutaretur,</em></span> <span class='ocrx_word' id='word_1_223' title='bbox 1463 2324 1832 2387; x_wconf 75' lang='lat' dir='ltr'><em>reqvisituros5</em></span> <span class='ocrx_word' id='word_1_224' title='bbox 1869 2326 1943 2371; x_wconf 84' lang='lat' dir='ltr'><em>ad</em></span> <span class='ocrx_word' id='word_1_225' title='bbox 1964 2326 2076 2372; x_wconf 77' lang='lat' dir='ltr'><em>liceo</em></span> <span class='ocrx_word' id='word_1_226' title='bbox 2105 2326 2407 2372; x_wconf 59' lang='lat' dir='ltr'><em>ille‘aclmo-</em></span> 
     </span>
     <span class='ocr_line' id='line_1_25' title="bbox 239 2409 2412 2479; baseline 0.004 -26"><span class='ocrx_word' id='word_1_227' title='bbox 239 2409 362 2465; x_wconf 75' lang='lat' dir='ltr'><em>dum</em></span> <span class='ocrx_word' id='word_1_228' title='bbox 376 2409 721 2464; x_wconf 83' lang='lat' dir='ltr'><em>contristatus</em></span> <span class='ocrx_word' id='word_1_229' title='bbox 736 2413 810 2458; x_wconf 84' lang='lat' dir='ltr'><em>ad</em></span> <span class='ocrx_word' id='word_1_230' title='bbox 821 2410 1154 2464; x_wconf 81' lang='lat' dir='ltr'><em>H‘o’skuldum</em></span> <span class='ocrx_word' id='word_1_231' title='bbox 1173 2430 1298 2477; x_wconf 75' lang='lat' dir='ltr'><em>eqvo</em></span> <span class='ocrx_word' id='word_1_232' title='bbox 1318 2414 1528 2463; x_wconf 72' lang='lat' dir='ltr'><em>vehitur</em></span> <span class='ocrx_word' id='word_1_233' title='bbox 1546 2422 1701 2477; x_wconf 78' lang='lat' dir='ltr'><em>atqve</em></span> <span class='ocrx_word' id='word_1_234' title='bbox 1717 2415 1800 2461; x_wconf 90' lang='lat' dir='ltr'><em>illi</em></span> <span class='ocrx_word' id='word_1_235' title='bbox 1813 2411 1938 2460; x_wconf 84' lang='lat' dir='ltr'><em>suas</em></span> <span class='ocrx_word' id='word_1_236' title='bbox 1952 2416 2207 2479; x_wconf 77' lang='lat' dir='ltr'><em>difficulta</em></span> <span class='ocrx_word' id='word_1_237' title='bbox 2216 2425 2288 2462; x_wconf 82' lang='lat' dir='ltr'><em>tes</em></span> <span class='ocrx_word' id='word_1_238' title='bbox 2301 2433 2412 2461; x_wconf 77' lang='lat' dir='ltr'><em>me·-</em></span> 
     </span>
     <span class='ocr_line' id='line_1_26' title="bbox 239 2486 2413 2569; baseline 0.002 -23"><span class='ocrx_word' id='word_1_239' title='bbox 239 2498 484 2561; x_wconf 75' lang='lat' dir='ltr'><em>moravit·</em></span> <span class='ocrx_word' id='word_1_240' title='bbox 585 2500 728 2547; x_wconf 84' lang='lat' dir='ltr'><em>Tunc</em></span> <span class='ocrx_word' id='word_1_241' title='bbox 771 2502 1109 2550; x_wconf 80' lang='lat' dir='ltr'><em>H&#39;o&#39;skuldus:</em></span> <span class='ocrx_word' id='word_1_242' title='bbox 1176 2486 1436 2551; x_wconf 14' lang='lat' dir='ltr'><em>sanertibi</em></span> <span class='ocrx_word' id='word_1_243' title='bbox 1467 2512 1628 2551; x_wconf 85' lang='lat' dir='ltr'><em>antea</em></span> <span class='ocrx_word' id='word_1_244' title='bbox 1669 2513 1809 2551; x_wconf 87' lang='lat' dir='ltr'><em>metu</em></span> <span class='ocrx_word' id='word_1_245' title='bbox 1850 2515 2123 2569; x_wconf 84' lang='lat' dir='ltr'><em>correptus</em></span> <span class='ocrx_word' id='word_1_246' title='bbox 2165 2515 2241 2552; x_wconf 88' lang='lat' dir='ltr'><em>est</em></span> <span class='ocrx_word' id='word_1_247' title='bbox 2285 2506 2413 2552; x_wconf 86' lang='lat' dir='ltr'><em>ani-</em></span> 
     </span>
     <span class='ocr_line' id='line_1_27' title="bbox 241 2589 2412 2654; baseline 0.003 -21"><span class='ocrx_word' id='word_1_248' title='bbox 241 2603 356 2652; x_wconf 85' lang='lat' dir='ltr'><em>mus</em></span> <span class='ocrx_word' id='word_1_249' title='bbox 406 2589 614 2651; x_wconf 75' lang='lat' dir='ltr'><em>qvando</em></span> <span class='ocrx_word' id='word_1_250' title='bbox 653 2607 766 2637; x_wconf 86' lang='lat' dir='ltr'><em>cum</em></span> <span class='ocrx_word' id='word_1_251' title='bbox 796 2590 1189 2654; x_wconf 82' lang='lat' dir='ltr'><em>potentioribus</em></span> <span class='ocrx_word' id='word_1_252' title='bbox 1249 2595 1661 2640; x_wconf 85' lang='lat' dir='ltr'><em>contendendum</em></span> <span class='ocrx_word' id='word_1_253' title='bbox 1713 2603 1843 2641; x_wconf 89' lang='lat' dir='ltr'><em>erat.</em></span> <span class='ocrx_word' id='word_1_254' title='bbox 1979 2597 2122 2643; x_wconf 86' lang='lat' dir='ltr'><em>Tunc</em></span> <span class='ocrx_word' id='word_1_255' title='bbox 2174 2596 2412 2642; x_wconf 73' lang='lat' dir='ltr'><em>Thordus</em></span> 
     </span>
     <span class='ocr_line' id='line_1_28' title="bbox 215 2659 2414 2749; baseline 0.004 -28"><span class='ocrx_word' id='word_1_256' title='bbox 215 2659 519 2722; x_wconf 16' lang='lat' dir='ltr'><em>‘Ho‘skulclo</em></span> <span class='ocrx_word' id='word_1_257' title='bbox 579 2681 864 2740; x_wconf 89' lang='lat' dir='ltr'><em>pecuniam</em></span> <span class='ocrx_word' id='word_1_258' title='bbox 899 2681 1090 2728; x_wconf 84' lang='lat' dir='ltr'><em>obtulit</em></span> <span class='ocrx_word' id='word_1_259' title='bbox 1126 2668 1202 2728; x_wconf 64' lang='lat' dir='ltr'><em>aa</em></span> <span class='ocrx_word' id='word_1_260' title='bbox 1238 2699 1386 2744; x_wconf 88' lang='lat' dir='ltr'><em>opem</em></span> <span class='ocrx_word' id='word_1_261' title='bbox 1431 2683 1834 2744; x_wconf 83' lang='lat' dir='ltr'><em>sibiferenclam</em></span> <span class='ocrx_word' id='word_1_262' title='bbox 1884 2701 2032 2749; x_wconf 78' lang='lat' dir='ltr'><em>seqve</em></span> <span class='ocrx_word' id='word_1_263' title='bbox 2085 2687 2232 2733; x_wconf 80' lang='lat' dir='ltr'><em>haud</em></span> <span class='ocrx_word' id='word_1_264' title='bbox 2268 2699 2414 2746; x_wconf 87' lang='lat' dir='ltr'><em>par-</em></span> 
     </span>
     <span class='ocr_line' id='line_1_29' title="bbox 245 2759 2412 2837; baseline 0.003 -27"><span class='ocrx_word' id='word_1_265' title='bbox 245 2779 356 2811; x_wconf 82' lang='lat' dir='ltr'><em>cum</em></span> <span class='ocrx_word' id='word_1_266' title='bbox 381 2765 510 2826; x_wconf 84' lang='lat' dir='ltr'><em>fore</em></span> <span class='ocrx_word' id='word_1_267' title='bbox 528 2759 795 2830; x_wconf 83' lang='lat' dir='ltr'><em>promisit.</em></span> <span class='ocrx_word' id='word_1_268' title='bbox 875 2772 1185 2819; x_wconf 71' lang='lat' dir='ltr'><em>Hbskuldus</em></span> <span class='ocrx_word' id='word_1_269' title='bbox 1210 2771 1880 2836; x_wconf 58' lang='lat' dir='ltr'><em>respondebatrexpertum</em></span> <span class='ocrx_word' id='word_1_270' title='bbox 1899 2776 2021 2837; x_wconf 82' lang='lat' dir='ltr'><em>jam</em></span> <span class='ocrx_word' id='word_1_271' title='bbox 2053 2785 2144 2834; x_wconf 82' lang='lat' dir='ltr'><em>est,</em></span> <span class='ocrx_word' id='word_1_272' title='bbox 2187 2783 2234 2820; x_wconf 87' lang='lat' dir='ltr'><em>te</em></span> <span class='ocrx_word' id='word_1_273' title='bbox 2275 2773 2412 2819; x_wconf 84' lang='lat' dir='ltr'><em>talia</em></span> 
     </span>
     <span class='ocr_line' id='line_1_30' title="bbox 244 2860 2416 2927; baseline 0.003 -27"><span class='ocrx_word' id='word_1_274' title='bbox 244 2869 508 2919; x_wconf 75' lang='lat' dir='ltr'><em>nunqvam</em></span> <span class='ocrx_word' id='word_1_275' title='bbox 523 2867 691 2919; x_wconf 83' lang='lat' dir='ltr'><em>pacta</em></span> <span class='ocrx_word' id='word_1_276' title='bbox 717 2860 866 2920; x_wconf 88' lang='lat' dir='ltr'><em>inire,</em></span> <span class='ocrx_word' id='word_1_277' title='bbox 887 2869 946 2907; x_wconf 88' lang='lat' dir='ltr'><em>ut</em></span> <span class='ocrx_word' id='word_1_278' title='bbox 967 2861 1163 2925; x_wconf 74' lang='lat' dir='ltr'><em>aliqvis</em></span> <span class='ocrx_word' id='word_1_279' title='bbox 1189 2879 1344 2925; x_wconf 90' lang='lat' dir='ltr'><em>opum</em></span> <span class='ocrx_word' id='word_1_280' title='bbox 1369 2870 1580 2909; x_wconf 89' lang='lat' dir='ltr'><em>tuarum</em></span> <span class='ocrx_word' id='word_1_281' title='bbox 1597 2863 1879 2927; x_wconf 84' lang='lat' dir='ltr'><em>particeps</em></span> <span class='ocrx_word' id='word_1_282' title='bbox 1892 2866 2161 2910; x_wconf 84' lang='lat' dir='ltr'><em>reddatur.</em></span> <span class='ocrx_word' id='word_1_283' title='bbox 2242 2861 2416 2909; x_wconf 77' lang='lat' dir='ltr'><em>Thor-</em></span> 
     </span>
     <span class='ocr_line' id='line_1_31' title="bbox 247 2942 2416 3012; baseline 0.004 -24"><span class='ocrx_word' id='word_1_284' title='bbox 247 2942 344 2990; x_wconf 78' lang='lat' dir='ltr'><em>dus</em></span> <span class='ocrx_word' id='word_1_285' title='bbox 378 2945 544 3001; x_wconf 76' lang='lat' dir='ltr'><em>dixit:</em></span> <span class='ocrx_word' id='word_1_286' title='bbox 622 2949 744 2996; x_wconf 89' lang='lat' dir='ltr'><em>Jam</em></span> <span class='ocrx_word' id='word_1_287' title='bbox 781 2958 955 2997; x_wconf 85' lang='lat' dir='ltr'><em>tamen</em></span> <span class='ocrx_word' id='word_1_288' title='bbox 983 2950 1064 2996; x_wconf 90' lang='lat' dir='ltr'><em>ita</em></span> <span class='ocrx_word' id='word_1_289' title='bbox 1099 2967 1204 2998; x_wconf 86' lang='lat' dir='ltr'><em>non</em></span> <span class='ocrx_word' id='word_1_290' title='bbox 1229 2952 1354 3012; x_wconf 85' lang='lat' dir='ltr'><em>erit,</em></span> <span class='ocrx_word' id='word_1_291' title='bbox 1399 2969 1523 2999; x_wconf 87' lang='lat' dir='ltr'><em>nam</em></span> <span class='ocrx_word' id='word_1_292' title='bbox 1545 2953 1734 2998; x_wconf 86' lang='lat' dir='ltr'><em>dextra</em></span> <span class='ocrx_word' id='word_1_293' title='bbox 1758 2954 1890 2998; x_wconf 84' lang='lat' dir='ltr'><em>data</em></span> <span class='ocrx_word' id='word_1_294' title='bbox 1927 2953 2021 2998; x_wconf 84' lang='lat' dir='ltr'><em>tibi</em></span> <span class='ocrx_word' id='word_1_295' title='bbox 2044 2953 2279 3003; x_wconf 77' lang='lat' dir='ltr'><em>lubenter</em></span> <span class='ocrx_word' id='word_1_296' title='bbox 2302 2966 2416 2998; x_wconf 88' lang='lat' dir='ltr'><em>om-</em></span> 
     </span>
     <span class='ocr_line' id='line_1_32' title="bbox 234 3039 2416 3105; baseline 0.004 -27"><span class='ocrx_word' id='word_1_297' title='bbox 234 3046 339 3078; x_wconf 70' lang='lat' dir='ltr'><em>nes</em></span> <span class='ocrx_word' id='word_1_298' title='bbox 375 3049 497 3094; x_wconf 86' lang='lat' dir='ltr'><em>opes</em></span> <span class='ocrx_word' id='word_1_299' title='bbox 536 3039 755 3085; x_wconf 78' lang='lat' dir='ltr'><em>tradere</em></span> <span class='ocrx_word' id='word_1_300' title='bbox 777 3040 895 3086; x_wconf 73' lang='lat' dir='ltr'><em>volo</em></span> <span class='ocrx_word' id='word_1_301' title='bbox 931 3049 1086 3103; x_wconf 76' lang='lat' dir='ltr'><em>atqve</em></span> <span class='ocrx_word' id='word_1_302' title='bbox 1125 3041 1342 3103; x_wconf 81' lang='lat' dir='ltr'><em>insuper</em></span> <span class='ocrx_word' id='word_1_303' title='bbox 1357 3040 1480 3103; x_wconf 89' lang='lat' dir='ltr'><em>filio</em></span> <span class='ocrx_word' id='word_1_304' title='bbox 1518 3050 1607 3087; x_wconf 86' lang='lat' dir='ltr'><em>tuo</em></span> <span class='ocrx_word' id='word_1_305' title='bbox 1637 3042 1804 3089; x_wconf 73' lang='lat' dir='ltr'><em>Olavo</em></span> <span class='ocrx_word' id='word_1_306' title='bbox 1828 3043 2187 3090; x_wconf 73' lang='lat' dir='ltr'><em>educationem</em></span> <span class='ocrx_word' id='word_1_307' title='bbox 2230 3039 2416 3105; x_wconf 84' lang='lat' dir='ltr'><em>offerre</em></span> 
     </span>
     <span class='ocr_line' id='line_1_33' title="bbox 248 3113 2415 3197; baseline 0.005 -33"><span class='ocrx_word' id='word_1_308' title='bbox 248 3113 441 3182; x_wconf 80' lang='lat' dir='ltr'><em>&amp;post</em></span> <span class='ocrx_word' id='word_1_309' title='bbox 472 3139 639 3171; x_wconf 87' lang='lat' dir='ltr'><em>meum</em></span> <span class='ocrx_word' id='word_1_310' title='bbox 669 3126 863 3175; x_wconf 81' lang='lat' dir='ltr'><em>obitum</em></span> <span class='ocrx_word' id='word_1_311' title='bbox 899 3130 983 3176; x_wconf 89' lang='lat' dir='ltr'><em>illi</em></span> <span class='ocrx_word' id='word_1_312' title='bbox 1021 3141 1194 3177; x_wconf 90' lang='lat' dir='ltr'><em>omnes</em></span> <span class='ocrx_word' id='word_1_313' title='bbox 1226 3147 1349 3194; x_wconf 83' lang='lat' dir='ltr'><em>opes</em></span> <span class='ocrx_word' id='word_1_314' title='bbox 1389 3139 1699 3179; x_wconf 84' lang='lat' dir='ltr'><em>testamento</em></span> <span class='ocrx_word' id='word_1_315' title='bbox 1731 3131 2034 3197; x_wconf 83' lang='lat' dir='ltr'><em>assignare,</em></span> <span class='ocrx_word' id='word_1_316' title='bbox 2079 3135 2258 3180; x_wconf 79' lang='lat' dir='ltr'><em>nullus</em></span> <span class='ocrx_word' id='word_1_317' title='bbox 2280 3132 2415 3178; x_wconf 84' lang='lat' dir='ltr'><em>enim</em></span> 
     </span>
    </p>
   </div>
   <div class='ocr_carea' id='block_1_5' title="bbox 2035 3226 2145 3271">
    <p class='ocr_par' dir='ltr' id='par_1_5' title="bbox 2035 3226 2145 3271">
     <span class='ocr_line' id='line_1_34' title="bbox 2035 3226 2145 3271; baseline -0.027 0"><span class='ocrx_word' id='word_1_318' title='bbox 2035 3226 2145 3271; x_wconf 81' lang='lat' dir='ltr'><em>G2</em></span> 
     </span>
    </p>
   </div>
  </div>
 </body>
</html>
