2956 3854
0 488 12 667 .*-·<v-—1>
7 365 13 441 -2*.,

1164 243 1367 324 „33³³

215 411 409 476 gilsum
439 427 716 476 aggressus
743 426 857 458 eum
890 409 1058 457 securi
1076 408 1240 471 feriit
1270 409 1585 472 mediumque
1618 411 1829 459 dorsum
1861 410 2056 460 divisit.
2147 411 2384 460 Thordus

221 501 366 547 Felis
393 501 724 564 propinqvus
750 499 969 547 astabat
1002 500 1057 546 in
1086 515 1143 545 eo
1178 498 1306 554 low,
1339 496 1428 543 ubi
1450 498 1793 547 Hardbei'nus
1816 501 2109 564 procurrit,
2143 501 2385 563 i‘llumqve

225 589 408 636 statim
434 589 602 637 voluit
625 588 858 651 aggredi.
933 589 1042 647 Qvo
1068 594 1339 649 conspecto
1353 586 1565 634 Bollius
1589 589 1822 648 accurit5
1857 605 1921 635 ac
1940 590 2250 636 Hardbeino
2271 590 2382 635 ali—

223 679 343 743 qvid
362 679 494 725 mali
533 677 724 736 inferri
766 676 954 735 vetuit,
1003 676 1204 722 dicens.-
1258 662 1405 722 nemo
1430 674 1516 721 hic
1543 676 1805 736 facinora
1827 678 1974 738 sorti
2014 677 2233 741 indigna
2270 678 2382 725 viro

215 774 512 830 perpetret,
566 762 616 810 8<
645 765 956 812 Hardheino
998 782 1124 811 sane
1161 772 1279 810 tuta
1315 764 1418 810 erit
1448 781 1576 826 pax.
1667 766 1862 829 Helgio
1904 767 2044 812 alter
2080 776 2198 813 erat
2227 767 2383 827 filius

218 855 441 901 Skorrus
470 854 687 900 nornine.
757 853 859 901 Ille
885 862 993 900 tum
1012 852 1285 917 Englandi
1313 852 1368 899 in
1396 853 1761 919 Reykjardalo
1789 855 2024 900 australi
2044 855 2380 902 educabatur.

1090 1010 1264 1068 CAP.
1311 1012 1523 1070 LXV..

477 1097 594 1165 His
618 1119 768 1165 rebus
787 1118 948 1182 gestis
969 1118 1274 1180 leorgilsus
1304 1134 1416 1163 cum
1432 1117 1705 1164 comitibus
1731 1134 1851 1183 eqvo
1867 1119 1986 1165 inde
2003 1109 2175 1168 vectus
2188 1136 2252 1166 ac
2267 1123 2380 1167 col-

213 1211 313 1257 lem
337 1217 696 1271 transgressus
709 1208 1127 1270 Reykjardalum
1141 1206 1408 1268 pervenit,
1445 1207 1578 1252 istas
1601 1207 1673 1253 ibi
1696 1209 1861 1255 coedes
1882 1209 2138 1256 indicans.
2172 1210 2382 1256 Deinde

213 1296 524 1351 occidentem
548 1313 724 1344 versus
747 1298 926 1342 eadem
951 1296 1039 1343 via
1069 1296 1318 1358 profecti,
1342 1312 1442 1358 qva
1475 1295 1542 1340 ab
1571 1296 1832 1343 occidente
1855 1299 2199 1357 advenerant,
2235 1300 2382 1346 lzaucl

205 1385 516 1449 priusquam
545 1386 985 1432 inH'o'rdadalutn
1001 1385 1340 1447 pervenirent
1361 1385 1650 1430 constitere.
1731 1385 1852 1432 Jam
1873 1403 1983 1451 qvae
2007 1388 2061 1434 in
2088 1388 2272 1435 itinere
2295 1405 2380 1435 es-

214 1483 328 1522 sent
343 1483 495 1537 gesta
515 1490 878 1521 memoravere.
948 1474 1084 1520 Haec
1106 1474 1368 1535 expeditio
1387 1474 1615 1519 illustris
1630 1474 1816 1521 habita
1845 1484 1940 1536 est,
1977 1493 2069 1523 nec
2088 1478 2197 1524 leve
2210 1478 2377 1525 visum

203 1563 441 1624 facinus,
468 1564 628 1610 talem
654 1564 930 1620 athletam,
952 1563 1125 1626 qvalis
1142 1563 1504 1625 Helgiusfuit,
1530 1563 1830 1625 interficere.
1894 1564 2201 1628 Thorgilsus
2215 1566 2379 1612 comi-

209 1652 458 1714 tibuspro
480 1653 683 1698 auxilio
697 1652 1041 1714 egitgratias,
1069 1651 1145 1696 ita
1170 1652 1576 1714 qvoqvefratres
1595 1652 1888 1712 Bolliifilii
1909 1663 2136 1717 egerunt.
2219 1655 2377 1701 Tum-

124 1798 127 1801 .
207 1756 300 1805 qve
312 1741 398 1787 illi
410 1740 528 1796 viri,
556 1741 637 1803 qvi
658 1741 988 1803 Tliorgilsum
1009 1740 1247 1785 comitati
1254 1740 1500 1800 fuerant,
1536 1740 1831 1787 discessere.
1868 1742 2123 1789 Lambius
2140 1744 2378 1790 occiden-

206 1837 308 1878 tem
335 1845 516 1877 versus
534 1829 811 1892 profectus
843 1829 898 1875 in
920 1828 1320 1887 Laxardalum,
1366 1829 1824 1892 Hjardarholtam
1853 1831 2090 1893 primum
2118 1833 2378 1895 pervenit,

153 1908 171 1916 ’ἃ
203 1915 256 1966 ὃ(
279 1919 518 1982 cognatis
545 1920 655 1965 suis
680 1927 858 1966 exacte
880 1919 1064 1965 retulit
1086 1934 1184 1975 res,
1210 1934 1327 1981 qvoe
1349 1918 1405 1966 in
1431 1919 1756 1980 Skorradalo
1775 1928 1941 1982 gestae
1965 1921 2203 1981 fuerant.
2282 1922 2379 1968 Illi

202 2011 313 2072 ejice
334 2009 712 2070 expeditionem
730 2009 952 2054 multum
978 2006 1218 2070 improba
1228 2022 1341 2054 vere
1359 2007 1606 2069 valdeque
1630 2008 1801 2069 ipsum
1823 2010 2166 2072 castigavere,
2196 2012 2376 2057 dicen-

203 2101 294 2154 tes,
330 2088 443 2143 eum
465 2097 635 2159 magis
657 2095 966 2160 leorbj‘o‘rni
990 2096 1208 2158 Skriupi
1231 2111 1394 2158 genus
1420 2111 1573 2158 qvam
1593 2096 1662 2142 M
1651 2098 1966 2162 yrkjartani
1975 2100 2044 2146 H
2031 2099 2267 2161 ybernie&
2289 2116 2378 2146 re-

198 2186 284 2250 gis
303 2185 578 2232 indicasse.
613 2186 868 2233 Lamhius
893 2199 1070 2232 eorum
1083 2185 1307 2232 sermoni
1322 2185 1476 2231 valde
1490 2201 1775 2245 succensus,
1812 2203 1897 2233 eos
1904 2204 2104 2250 parum
2119 2204 2171 2233 se
2191 2189 2378 2235 decen-

203 2283 283 2330 ter
305 2291 487 2338 gerere
507 2274 701 2338 ajebat,
719 2276 967 2338 siqvidem
981 2276 1133 2321 illum
1145 2274 1634 2335 reprehensionibus
1654 2277 2065 2339 aggrederentur
2072 2293 2090 2336 >⁸
2125 2295 2215 2339 ego
2227 2279 2378 2337 enim,

197 2363 376 2428 inqvit,
398 2381 486 2411 vos
499 2365 789 2411 imminenti
801 2365 958 2412 morti
973 2364 1240 2420 subtraxi3
1279 2364 1427 2410 haud
1437 2365 1660 2410 multum
1675 2364 1860 2412 deinde
1885 2366 2076 2424 locuti,
2117 2356 2375 2414 tamenim

201 2453 406 2516 utriqve
428 2452 528 2498 sibi
551 2454 764 2501 invicem
787 2455 1118 2518 aliqvantum
1141 2456 1386 2500 succensi.
1459 2453 1712 2501 Lambius
1736 2456 1810 2500 acl
1827 2455 2095 2518 praedium
2119 2474 2268 2503 suum
2289 2474 2377 2503 re·-

201 2534 318 2589 diit.
398 2541 704 2605 Thorgusus
720 2531 1054 2605 'Hauaefiuas
1087 2544 1161 2589 αα
1181 2543 1548 2604 Helgafeuam
1580 2544 1789 2591 vehitur
1829 2544 2202 2592 comitantibus
2227 2548 2381 2592 Gust-

202 2634 353 2678 runae
371 2630 509 2692 filiis
539 2632 788 2694 sociisqve
822 2634 931 2679 suis
945 2634 1299 2696 Jurejurando
1336 2633 1419 2678 illi
1453 2634 1743 2693 adstrictis,
1763 2633 2012 2682 Haldoro
2037 2653 2101 2682 ac
2140 2635 2377 2697 Ornolfo.

201 2722 327 2768 Sero
361 2721 445 2766 illi
463 2729 816 2782 pervenerunt
842 2721 1237 2783 Helgafellum,
1285 2737 1408 2766 nam
1445 2738 1617 2768 omnes
1635 2724 1757 2787 jam
1789 2723 2022 2771 homines
2049 2724 2277 2771 cubitum
2301 2727 2379 2771 ie·-

204 2818 344 2856 rant.
419 2810 678 2856 Gudruna
705 2825 921 2872 surgens
954 2818 1148 2857 ceteros
1181 2827 1392 2873 surgere
1405 2810 1630 2874 jubebat
1664 2813 1867 2875 illisque
1889 2813 2186 2874 hospitalia
2212 2814 2381 2877 officia

204 2907 467 2961 praestare
477 2915 495 2957 ,·
532 2907 640 2944 tum
665 2899 988 2946 caenaculum
1002 2900 1236 2962 ingressa
1259 2900 1593 2961 leorgilsum
1614 2917 1678 2946 ac
1699 2909 1914 2948 coeteros
1933 2904 2144 2947 comites
2165 2904 2382 2950 saluta—

203 2987 294 3047 vit,
317 2988 529 3051 qvidqve
537 2997 741 3050 gestum
765 2996 895 3035 esset
911 2988 1046 3035 inter
1062 2989 1284 3052 rogavit.
1328 2989 1634 3052 Thorgilsus
1657 2991 2381 3053 Gudrunoeresponditsalu-

205 3076 427 3123 talioni:
473 3076 774 3123 Amiculum
815 3086 923 3124 tum
954 3094 1017 3123 ac
1049 3094 1199 3142 asma
1227 3085 1468 3134 exuerat,
1512 3075 1561 3123 δε
1592 3079 1846 3125 columnis
1888 3080 2109 3126 acclinis
2138 3084 2380 3130 consedit.

210 3167 520 3228 Thorgilsus
553 3154 731 3213 tunica
756 3175 872 3214 erat
908 3168 1122 3226 indutus
1157 3168 1324 3214 colore
1353 3167 1686 3230 ferrugineo,
1735 3185 1799 3215 ac
1823 3170 2023 3216 cinctus
2050 3179 2167 3217 erat
2189 3189 2380 3236 magno

1956 3258 2114 3307 Nn2
