2956 3854
1261 279 1384 331 303
1640 322 1680 339 .,,

237 440 570 508 sibi-‘uxorem
583 449 764 504 petere
778 440 947 488 vellet.
1015 438 1229 487 Bollius
1255 441 1556 502 respondit:
1590 442 1802 489 mulieri
1822 444 1860 490 Ἰ
1862 443 2094 491 lior-disee
2115 461 2298 493 nomen
2328 457 2407 494 est

234 551 300 586 ac
307 542 473 597 pater
486 534 681 580 Snorro
703 530 939 578 antistes.
1019 530 1060 576 Ἰ
1060 529 1167 576 alis
1188 526 1290 573 illa
1299 528 1543 588 ‚foemina
1572 540 1664 587 est,
1701 541 1760 579 ut
1775 533 1923 587 illius
1947 534 2168 596 nuptias
2180 537 2407 584 maxime

229 599 438 688 petam,
469 637 575 688 'nec
598 620 740 668 brevi
761 618 1156 670 matrimonium
1183 615 1353 675 inib0‚
1399 617 1444 663 si
1479 618 1590 665 Izoec
1625 621 1757 667 milii
1795 621 2405 686 conditi0.denegabitur

232 709 476 779 &magni
495 709 693 772 referre
715 709 969 771 existimo,
1002 707 1083 755 uti
1092 706 1206 757 liaec
1213 706 1456 767 feliciter
1461 711 1772 770 procedant
1853 710 2159 757 Thorkellus
2178 728 2402 774 respon-

229 783 334 846 dit}
370 800 426 844 in
448 797 544 844 hoc
570 797 679 857 tibi,
707 797 991 865 privigne!
1025 787 1219 844 morem
1236 811 1443 873 geram,
1460 799 1613 860 qvod
1637 798 1778 846 hanc
1811 814 2027 845 causam
2047 817 2402 862 promoveam,

227 888 275 934 si
302 885 546 950 alicujus
562 888 758 948 referre
794 885 1128 933 existimaris.
1227 885 1298 932 Et
1332 885 1530 948 quidem
1567 904 1720 950 spero
1754 887 1895 934 lianc
1930 903 2058 935 rem
2070 906 2106 934 a
2139 890 2401 939 Snorrone

157 972 439 1057 =facilem
462 976 749 1040 impetratu
761 991 885 1034 esse,
913 980 1038 1022 nam
1063 974 1154 1020 ille
1166 989 1296 1020 sane
1320 973 1596 1036 intelliget,
1611 975 1800 1023 bonum
1827 976 1969 1022 sibi'
1950 994 2005 1023 m
2031 986 2079 1024 te
2104 976 2286 1039 offerri
2303 997 2370 1042 ge
2381 962 2410 1017 -'

187 1095 189 1098 -
225 1078 434 1112 nerum.
487 1063 747 1112 Gudruna
761 1063 926 1110 dixit:
962 1062 1020 1107 id
1032 1060 1134 1107 cito
1147 1062 1380 1123 eloqvar,
1397 1062 1692 1109 Iliorkelle.
1687 1064 1706 1097 t
1737 1080 1816 1110 me
1834 1065 1973 1111 nulli
1984 1081 2059 1112 rei
2051 1066 2400 1127 parcendum

224 1152 550 1212 existimare,
587 1161 646 1199 ut
663 1153 880 1205 Bollius
902 1150 1044 1206 lianc
1078 1149 1451 1205 conditionem,
1501 1166 1609 1212 qvae
1646 1151 1754 1213 ipsi
1779 1153 1984 1214 placet,
2029 1155 2399 1202 nanciscatur·
2381 1193 2396 1217 ,

224 1258 367 1315 nam
375 1239 426 1296 8<
445 1242 597 1289 illum
619 1241 844 1287 maxime
866 1238 1031 1301 diligo
1053 1233 1106 1283 8<
1137 1236 1269 1284 ille
1252 1254 1306 1284 in
1327 1239 1456 1285 meis
1475 1239 1639 1299 jussis
1664 1243 1992 1305 exseqvendis
2024 1244 2251 1290 omnium
2287 1263 2399 1292 me-

224 1345 385 1391 orum
392 1328 674 1377 liberorum
694 1325 1051 1388 maximefuit
1071 1327 1268 1393 alacer
1347 1326 1678 1388 Thorkellus,
1734 1347 1787 1377 se
1801 1331 1924 1393 jam
1951 1333 2282 1381 constituisse
2303 1337 2397 1395 af—

186 1395 454 1481 firmavit
474 1418 683 1466 honeste
690 1406 930 1464 Bollium
949 1406 1225 1462 dimittere.
1295 1411 1378 1474 Id,
1405 1416 1588 1479 inqvit,
1611 1419 1795 1466 multis
1818 1421 1880 1466 de
1904 1409 2077 1466 causis
2092 1439 2287 1484 oeqvum
2302 1434 2394 1484 est,

222 1487 455 1555 Bollium
476 1508 612 1554 enim
630 1515 898 1569 strenuum
931 1505 1099 1552 virum
1110 1504 1360 1577 futurum
1381 1512 1612 1552 autumo.
1682 1509 1982 1571 Paulopost
2003 1511 2307 1559 leorkellus
2330 1530 2395 1560 ac

220 1582 432 1645 Bollius
446 1596 628 1644 multis
639 1596 836 1659 quidem
851 1592 1222 1641 comitantibus
1243 1594 1393 1639 domo
1411 1594 1663 1654 profecti,
1698 1597 1885 1644 itinere
1907 1601 2056 1645 Izaud
2079 1600 2391 1663 intermisso,

222 1693 498 1750 antequam
510 1685 849 1748 pervenirent
873 1684 1126 1744 Tangam.
1197 1683 1393 1728 Snorro
1417 1682 1539 1728 illos
1574 1700 1773 1746 magna<
1795 1702 1909 1732 cum
1938 1689 2182 1735 comitate
2212 1707 2276 1736 ac
2302 1691 2392 1737 be-

222 1777 487 1840 nignitate
497 1774 711 1836 excepit.
747 1771 1047 1825 Potatione,
1060 1785 1213 1841 qvam
1227 1770 1423 1825 Snorro
1431 1770 1722 1832 praebebat,
1737 1773 1808 1819 ibi
1823 1772 2056 1822 homines
2079 1778 2326 1825 exhilara
2334 1781 2387 1828 ti.

229 1843 488 1931 Thordisa
499 1897 516 1922 ,
581 1860 864 1909 Snorronis
893 1859 1020 1920 filia
1034 1893 1052 1915 ,
1119 1859 1270 1921 apud
1304 1867 1520 1920 patrem
1567 1862 1708 1906 domi
1727 1915 1730 1917 ,
1753 1863 1973 1921 aderat,
2024 1867 2214 1912 mulier
2259 1869 2391 1928 for7-

219 1934 371 2006 mosa
401 1942 466 1998 ao
491 1951 742 2014 insignis,
777 1964 1026 2012 qvumqve
1056 1947 1258 2009 aliqvot
1293 1955 1468 1994 noctes
1502 1949 1549 1994 T
1544 1965 1697 2012 ungae
1723 1953 2030 2012 mansisset,
2083 1956 2388 2004 'Iliorkellus

218 2041 529 2106 nuptiarum
555 2041 906 2102 petendarum
931 2052 1144 2101 causam
1168 2051 1322 2097 agere
1349 2037 1571 2098 occepit,
1601 2038 1854 2100 petiitqve
1875 2033 2046 2087 Bollii
2067 2045 2271 2090 nomine
2294 2046 2390 2105 af-

217 2131 441 2177 nitatem
475 2144 588 2174 cum
620 2128 880 2190 Snorrone
904 2123 955 2172 8<
980 2122 1292 2171 connubium
1327 2141 1439 2170 cum
1474 2126 1760 2185 slhorcliw,
1814 2128 1961 2174 illius
1977 2129 2120 2190 filia.
2193 2134 2389 2181 Snorro

216 2216 515 2286 respondit:
556 2215 895 2276 honorificam
919 2209 1115 2276 qvidem'
1125 2212 1389 2274 petionem
1417 2214 1668 2271 instituis,
1707 2216 1786 2261 uti
1809 2233 1842 2262 a
1859 2219 2045 2287 »tefuit
2066 2225 2387 2286 sperandum

217 2305 580 2370 &egoqvidem
604 2305 726 2350 huic
750 2319 926 2349 causoe
948 2304 1075 2347 laeta
1092 2302 1309 2347 reddam
1336 2317 1618 2363 responsa3
1638 2305 1850 2350 Bollius
1878 2308 2014 2354 enim
2035 2310 2166 2355 milii
2185 2313 2390 2358 videtur

216 2397 431 2460 optimoe
462 2395 575 2458 spei
601 2394 704 2452 vir,
736 2409 897 2456 eaque
915 2390 1106 2437 mulier
1126 2388 1246 2437 bene
1270 2391 1492 2449 elacata,
1529 2408 1642 2453 qvae
1673 2393 1757 2438 illi
1779 2398 2033 2460 nupserit.
2107 2400 2175 2444 Id
2214 2409 2388 2447 tamen

214 2474 439 2554 maxime
459 2483 715 2538 intererit,
751 2489 810 2527 ut
831 2481 944 2527 lzoec
977 2479 1472 2538 Thordisoefuerint
1486 2481 1718 2541 placita.
1792 2485 1904 2530 Illa
1930 2486 2066 2532 enim
2103 2490 2203 2535 tali
2223 2492 2390 2536 solum
2433 2522 2435 2524 -

213 2556 326 2620 ciro
351 2572 698 2640 nuptumberit
724 2568 871 2628 data,
898 2585 1006 2632 qvoe
1026 2569 1133 2630 ipsi
1157 2567 1279 2613 bene
1295 2568 1584 2615 conveniat.
1656 2572 1918 2636 Haecjam
1946 2591 2108 2622 causa
2124 2579 2197 2622 ad
2219 2579 2388 2624 leor-

214 2659 385 2709 disam
435 2661 644 2719 delata,·
716 2660 815 2706 illa
853 2675 972 2706 vero
1010 2657 1088 2703 ita
1119 2656 1243 2716 fere
1295 2659 1592 2717 respondit,
1657 2678 1709 2706 se
1747 2664 1931 2723 patris
1979 2682 2194 2711 usuram
2241 2683 2383 2722 cura,

184 2790 191 2796 .
213 2754 265 2798 s'e
285 2749 546 2798 lubentius
569 2748 758 2805 Bollii,
787 2765 848 2794 ex
869 2749 1043 2794 eodem
1062 2758 1209 2808 pago
1234 2746 1462 2804 oriundi,
1499 2763 1709 2795 uxorem
1721 2750 1997 2813 suturam,
2035 2772 2182 2817 qvam
2221 2755 2387 2815 ignoti

212 2840 323 2888 viri
337 2857 398 2884 ex
421 2838 630 2884 remotis
651 2835 965 2899 regionibus.
1040 2835 1298 2897 Qvumqve
1322 2835 1456 2880 Snor
1458 2850 1517 2879 ro
1549 2836 1867 2900 intelligeret
1890 2843 2043 2888 illam
2068 2843 2217 2888 lzaud
2243 2843 2385 2888 invi—

214 2937 322 2976 tam
351 2927 520 2974 Bollii
544 2927 763 2988 nuptias
788 2915 1168 2986 accepturam,
1218 2923 1328 2968 lzoec
1359 2931 1483 2968 rata
1511 2924 1675 2982 facta
1714 2944 1778 2972 ac
1816 2932 2091 2990 sponsalia
2124 2930 2289 2975 celebr
2291 2940 2387 2976 ata

213 3017 646 3076 constitutumqve
679 3023 736 3060 ut
780 3013 1054 3075 nuptialia
1089 3013 1239 3073 apud
1259 3010 1570 3057 Suom-onem
1587 3013 1772 3070 fierent
1802 3018 1878 3060 acl
1902 3018 2126 3064 medium
2160 3022 2382 3065 oestatis.

211 3107 317 3154 ‚His
347 3104 582 3170 peractis
615 3103 920 3148 leorkellus
959 3118 1023 3146 ac
1050 3101 1261 3148 Bollius
1308 3101 1675 3162 I-Ielgafelluln
1708 3097 1914 3150 domum
1939 3108 2150 3153 rediere.
2232 3109 2387 3154 Jam-

215 3213 302 3259 qve
314 3194 524 3242 Bollius
545 3193 685 3238 domi
701 3192 954 3239 remansit
976 3206 1133 3254 usqve
1155 3191 1229 3236 ad
1246 3189 1513 3254 *nuptialis
1539 3192 1762 3238 convivii
1784 3201 2000 3256 tempus.
2083 3197 2387 3244 leorkellus
