2956 3854
1347 197 1426 256 ‚18

286 350 790 431 ⁴Ille‘leorbjorgam
798 364 980 428 filiam
995 362 1201 427 Skeggii
1225 361 1630 434 Midjj'ordensis
1656 361 1714 408 in
1741 361 2079 410 matrimonio
2105 363 2309 411 habuit.
2388 368 2477 413 Il-

285 459 458 506 lorum
479 456 608 523 filia
646 465 766 504 erat
798 440 1106 520 Ingibjorga
1146 453 1315 516 Illugi
1351 452 1533 509 ,Svarti
1556 451 1756 515 (Nigri)
1776 469 1921 512 uxor.
1992 455 2203 501 Horum
2230 470 2351 502 vero
2367 454 2481 517 filii

284 556 442 597 erant
481 547 827 597 Hermundus
859 526 1023 610 satqve
1069 544 1380 613 Gunnlo‘gus
1437 544 1757 606 Ormstunga
1801 541 1882 606 (V
1878 541 2241 608 ermilingvis).
2345 545 2482 592 Hoec

283 634 452 703 stirps
475 619 960 702 G'ilsbe'ckingorum
984 622 1226 705 vocatur(
1303 634 1526 682 Unnura
1554 632 1658 680 tali
1677 633 1830 679 modo
1856 648 1976 679 suos
2000 633 2176 698 affata
2200 643 2291 682 est.
2356 635 2481 683 Jam

276 703 510 793 praemia
549 742 765 789 operum
803 726 1095 790 accipietis,
1145 743 1236 774 nec
1275 723 1424 771 nobis
1449 724 1568 786 jam
1610 725 1800 770 desunt
1840 739 1963 786 opes
2004 725 2080 770 ad
2127 740 2475 773 remuneran-

281 819 356 865 da
408 830 571 880 opera
627 824 805 864 vestra
833 814 835 816 ’
856 824 1012 880 atqve
1060 814 1448 880 benignitatem.
1564 813 1728 864 Vobis
1784 829 1908 861 vero
1965 822 2147 860 notum
2207 824 2312 875 est,
2399 831 2479 914 <ze

284 907 372 955 illi
391 907 536 967 viro,
573 905 658 952 cui
683 923 869 954 nomen
885 915 970 954 est
985 906 1190 969 Erpus,
1226 914 1383 970 atqve
1407 920 1572 959 comes
1593 903 1948 964 Meldunsuit
1965 913 2142 967 pater,
2182 904 2478 951 libertatem

283 997 516 1054 dedisse,
548 1012 707 1059 neqve
726 997 839 1043 ullo
858 1005 1022 1059 pacto
1053 996 1222 1056 volui,
1259 996 1431 1044 virum
1439 1009 1629 1058 genere
1655 1001 1766 1039 tam
1792 992 2015 1041 nobilem
2038 995 2177 1043 servi
2192 1010 2375 1040 nomen
2392 1009 2479 1039 re-

283 1086 463 1134 tinere.
540 1086 670 1132 Tum
699 1083 922 1132 Unnura
949 1085 1036 1132 illi
1057 1102 1246 1150 agrum
1269 1094 1436 1134 totum
1463 1083 1919 1145 Saudafellensem
1941 1085 2077 1131 inter
2075 1084 2309 1148 fluvium
2332 1084 2479 1132 Tun-

273 1177 389 1240 gua'
411 1183 568 1240 atqve
602 1174 763 1222 Mida'
799 1175 1037 1224 donavit.
1109 1154 1271 1225 Illius
1279 1176 1394 1240 filii
1423 1183 1579 1223 erant
1616 1176 1831 1234 Ormus,
1875 1173 2157 1239 Asgeirus‚
2209 1174 2479 1236 Gunbjo'r-

209 1282 211 1285 ·
279 1281 379 1312 nus
408 1273 564 1328 atqve
588 1243 884 1325 Halldisa,
929 1283 1084 1331 qvam
1103 1265 1459 1328 Dala-Alf'us
1498 1266 1554 1313 in
1587 1263 1928 1312 matrimonio
1963 1264 2165 1312 habuit.
2235 1264 2477 1326 So'ckolfo

277 1354 426 1401 dedit
459 1354 906 1416 Sockolfsdalum,
962 1354 1052 1402 ubi
1083 1349 1180 1403 ille
1212 1365 1380 1404 totam
1428 1357 1535 1421 egit
1573 1355 1755 1403 vitam.
1850 1356 1995 1401 Unus
2015 1372 2078 1401 ex
2101 1354 2248 1401 illius
2271 1353 2476 1401 libertis

276 1444 513 1492 Hundus
546 1442 868 1502 vocabatur,
915 1433 1104 1507 genere
1135 1436 1443 1493 Scotusilli
1468 1444 1865 1492 Hundadalum
1893 1444 2162 1490 concessit.
2255 1445 2475 1502 Qvartae

263 1534 407 1598 filice
423 1532 723 1581 Thorsteini
735 1533 921 1597 Raudi
937 1536 1042 1582 Osk
1061 1539 1180 1583 erat
1204 1552 1390 1582 nomen
1399 1552 1418 1597 ,-
1443 1535 1545 1582 illa
1562 1541 1686 1582 erat
1697 1542 1869 1581 mater
1889 1532 2191 1580 Thorsteini
2203 1533 2352 1579 §arti
2366 1534 2472 1580 Sa·-

271 1622 506 1688 pientis,
534 1603 644 1686 >'qvi
677 1621 1035 1684 septimanam
1066 1624 1353 1687 indagavit
1383 1639 1498 1687 qvae
1531 1631 1673 1670 certo
1712 1631 1944 1685 tempore
1981 1622 2161 1670 oestati
2203 1622 2473 1685 adjicitur.

280 1711 481 1772 Qvinta
512 1711 955 1775 Thorsteinofilia
968 1721 1087 1760 erat
1103 1696 1398 1761 leorlzilda
1415 1712 1530 1776 Alfi
1547 1713 1803 1760 Dalensis
1814 1720 1986 1758 mater
1996 1729 2015 1771 ,-
2051 1712 2208 1758 multi
2219 1714 2472 1760 mortales

277 1800 347 1848 ab
369 1818 428 1848 eo
447 1818 615 1865 genus
638 1810 899 1865 repetunt.
942 1803 1104 1851 Illius
1112 1803 1241 1866 filia
1264 1811 1383 1850 erat
1409 1802 1732 1866 leorgerda,
1768 1801 2017 1850 uxorAri
2031 1802 2185 1849 Ma'ri
2192 1801 2306 1864 filii
2320 1804 2470 1866 Rey-

277 1887 619 1956 kjanesensis‚
643 1891 804 1957 ‘cujus
823 1899 988 1955 pater
1009 1901 1129 1939 erat
1148 1891 1336 1940 Atlius
1351 1892 1600 1958 Skja'lgus
1614 1889 1837 1958 (Paetus)
1856 1889 1906 1939 8<
1924 1901 2095 1938 mater
2115 1893 2326 1955 Bjarga
2341 1892 2469 1954 filia

277 1979 538 2043 Eyvz'ndi,
587 1960 743 2045 atqve
762 1982 949 2044 Helgii
973 1983 1186 2028 macelli
1211 1998 1363 2029 soror
1393 1984 1530 2028 unde
1548 1980 1904 2045 Reyknesingi
1936 1981 2165 2028 oriundi.
2240 1983 2297 2028 V
2294 1982 2466 2043 igdisa

280 2077 400 2117 erat
419 2078 568 2115 sexta
578 2070 706 2132 filia
724 2070 1022 2118 Thorsteini
1033 2070 1233 2133 Raudi,
1271 2069 1790 2133 undeEnyordensis
1813 2069 1914 2116 illa
1939 2070 2467 2134 stirpsHofdaman-

281 2174 485 2208 norum.
1844 2172 1849 2177 ·

1193 2295 1370 2382 CAP.
1421 2295 1561 2386 vu.

556 2402 778 2474 Olavus
810 2427 1007 2475 Feilan
1038 2425 1323 2475 liberorum
1361 2427 1664 2477 Thorsteini
1695 2435 1814 2475 erat
1836 2436 1995 2475 cetate
2022 2428 2284 2477 minimus.
2366 2433 2469 2479 Ille

281 2525 400 2567 erat
455 2515 540 2565 vir
582 2510 805 2580 'magnoe
855 2527 1082 2565 staturoe
1126 2518 1424 2584 viribus-qve
1462 2519 1797 2583 praevalens,
1849 2520 2053 2578 formae
2102 2530 2375 2569 venustate
2418 2520 2469 2570 δε

282 2606 451 2656 omnis
468 2607 677 2670 generis
691 2609 1023 2670 praestantia
1050 2607 1306 2671 insignis-,-
1345 2609 1391 2654 is
1410 2611 1563 2673 apud
1590 2611 1865 2657 Unnuram
1877 2609 2118 2672 primum
2154 2611 2323 2657 tenuit
2353 2614 2467 2659 exi-

279 2696 605 2746 stimat-‘ionis
633 2698 826 2758 locum,
858 2699 1148 2762 palamqve
1157 2680 1299 2758 fecit
1316 2698 1444 2758 illa,
1481 2716 1535 2746 se
1556 2695 1732 2746 omnes
1763 2716 1887 2763 opes
1923 2716 2037 2764 qvoe
2061 2701 2319 2748 Hvammi
2350 2718 2466 2748 mo-

280 2788 425 2836 tiens
447 2786 884 2847 relicturaesset,
921 2788 1343 2840 illitestamento
1365 2789 1703 2840 donaturam.
1773 2790 1896 2838 Jam
1925 2792 2200 2837 Unnuram
2219 2790 2359 2852 cepit
2378 2791 2467 2840 in-

237 2900 243 2907 ·
280 2875 642 2942 grave-scentia
664 2879 844 2925 oetatis
868 2865 1142 2938 debilitas,
1176 2887 1286 2926 tum
1315 2880 1540 2927 Olavum
1555 2874 1750 2929 Feilan
1777 2881 1852 2927 ad
1871 2897 1925 2928 se
1959 2879 2192 2939 vocavit,
2243 2897 2358 2927 eum
2392 2882 2468 2928 sic

283 2966 522 3015 allocuta
537 2986 552 3016 .·
595 2968 665 3015 Id
692 2969 824 3030 mihi
844 2970 898 3017 in
923 2976 1143 3016 mentem
1164 2970 1330 3029 venit,
1373 2970 1446 3017 mi
1465 2971 1717 3038 cognate!
1736 2969 1832 3017 tibi
1839 2970 1959 3032 jam
1978 2986 2087 3018 esse
2111 2970 2468 3019 inchoandam

285 3057 695 3131 constantiorem
714 3058 839 3106 vitae
862 3060 1121 3107 rationem
1144 3077 1451 3125 uxoremqve
1477 3062 1783 3108 ducendam.
1860 3061 2062 3108 Olavus
2093 3061 2233 3107 hunc
2265 3078 2465 3108 sermo-

285 3161 400 3205 nem
422 3143 637 3209 benigne
652 3148 947 3220 excipiens,
986 3151 1134 3215 illius
1153 3148 1373 3199 consilio
1386 3185 1403 3208 ,
1442 3167 1548 3199 sese
1564 3151 1669 3199 Izac
1690 3151 1745 3198 in
1768 3167 1824 3199 re
1844 3166 2061 3199 usurum
2069 3151 2197 3214 fore
2224 3151 2465 3215 affirma-
