2956 3854
1559 214 1652 263 XII

546 388 835 451 moribus
894 386 1074 445 istius
1117 384 1263 458 aevi,
1347 398 1555 464 neqve
1597 380 1677 441 ab
1725 379 1892 442 elata
1934 394 2148 445 mente
2190 389 2471 448 auctoris
2519 386 2672 450 alie-

545 506 719 546 num.
798 479 1006 542 Facile
1044 499 1213 548 vero⁴
1241 476 1646 562 intelligitur,
1714 498 1829 539 cur
1869 478 2113 555 clerici,
2187 482 2294 563 qvi
2335 474 2676 546 historiam

543 580 874 665 religionis
947 576 1307 638 christianae
1370 578 1439 635 in
1482 565 1780 657 'patriam
1834 575 2217 639 introductae
2281 584 2671 662 scripserint,

541 676 861 738 nefarium
899 673 1072 734 istud
1117 687 1344 735 contra
1383 670 1694 754 inclytum
1731 692 1896 749 verae
1935 673 2268 758 religionis
2305 697 2678 759 praeconem

546 775 881 836 omiserint
923 769 1285 832 consilium.
1411 767 1615 841 Addit
1655 783 1966 850 praeterea
2003 786 2225 833 noster
2267 778 2355 856 (p.
2404 779 2534 852 172)
2577 796 2676 836 re-

540 892 686 957 gem
724 889 842 953 per
879 867 1317 953 speculatores
1359 865 1439 927 de
1477 865 1720 941 verbis,
1764 886 1905 947 qvae
1952 864 2265 930 effuderat
2305 872 2672 950 Kiartani-is,

542 969 884 1029 certiorem
930 964 1201 1043 factum,
1272 963 1461 1026 hunc
1506 960 1822 1046 Postridie
1868 984 2017 1025 cum
2061 967 2258 1027 sociis
2298 967 2369 1025 in
2411 970 2678 1028 concio-

539 1085 693 1127 nem
748 1083 1046 1142 vocasse,
1142 1078 1328 1145 atqve
1373 1061 1694 1123 ferociam·
1737 1060 1994 1121 consilii
2041 1063 2189 1142 ‘ejus
2243 1062 2475 1124 leniter
2520 1065 2675 1126 satis

540 1163 986 1244 increpantem
1045 1159 1362 1221 dimisisse
1414 1161 1740 1246 ‘intactum
1787 1179 1935 1220 cum
1979 1157 2082 1221 his
2134 1162 2376 1223 verbis:
2460 1163 2677 1244 ipsum

538 1260 754 1319 Deum
807 1256 1125 1329 affirmare
1173 1277 1242 1319 se
1299 1257 1626 1317 neminem
1681 1254 1847 1318 velle
1898 1255 1983 1316 ad
2021 1278 2090 1318 se
2135 1258 2410 1321 invitum
2447 1279 2677 1342 perve-

534 1355 696 1412 nire.
786 1357 956 1412 Mira
995 1374 1152 1414 sane
1198 1355 1324 1412 isto
1372 1366 1667 1432 tempore
1706 1352 2104 1430 humanita8‚
2165 1359 2675 1436 qvae-cum-vio-

524 1449 763 1525 lenna,
808 1466 906 1508 'ne
945 1445 1234 1507 dicamus
1278 1446 1752 1521 crudelitatem,
1814 1446 2007 1507 istius'
2038 1452 2204 1531 regis
2251 1453 2322 1509 in
2359 1453 2675 1537 religione

524 1542 994 1631 propaganda,
1075 1545 1188 1606 vix
1246 1538 1584 1603 conciliari
1629 1562 1827 1625 posse
1874 1540 2146 1606 videtur.
2275 1546 2418 1638 Sed⁴
2457 1563 2676 1612 tamen

526 1642 809 1705 ,aderant
849 1660 1054 1703 causae
1098 1654 1197 1701 sat
1235 1659 1486 1724 graveS,
1536 1659 1671 1720 qvae
1714 1639 1887 1721 hanc
1931 1638 2273 1703 svaderent
2310 1660 2675 1708 mansvetu-

527 1739 792 1815 ‚dinem3
851 1737 1167 1800 intellexit
1216 1756 1633 1819 nempereX,
1692 1758 1761 1799 se
1810 1736 2153 1800 clementia
2193 1761 2344 1827 erga
2381 1741 2673 1828 hospites

537 1838 1036 1902 christianismo
1075 1850 1272 1897 tanto
1332 1833 1587 1896 facilius
1639 1835 1710 1893 in
1748 1832 2032 1896 Islandia
2085 1837 2332 1899 aditum
2376 1861 2515 1903 esse
2556 1862 2676 1924 pa-

538 1949 857 2009 raturum3
949 1935 1101 1994 satis
1166 1947 1381 1993 autem
1450 1945 1705 1993 constat
1763 1953 1982 2018 regem
2027 1935 2225 1995 istum
2273 1957 2413 1998 non
2469 1937 2671 2001 modo

538 2029 892 2115 prudenter
940 2028 1058 2091 sed
1107 2027 1434 2090 interdum
1487 2027 1720 2091 callide
1741 2033 1794 2106 *)
1841 2034 2672 2119 propagationtreligionis

529 2127 960 2197 consuluisse.
1090 2128 1352 2185 Summa
1408 2124 1666 2205 qvidem
1723 2125 2099 2189 crudelitate
2147 2130 2218 2186 in
2265 2130 2504 2193 multos
2540 2153 2678 2198 vsae.6

534 2227 682 2301 ‚viit,
738 2224 845 2306 qvi
883 2239 1058 2283 nova
1101 2240 1286 2280 sacra
1333 2219 1668 2278 admittere
1712 2219 2088 2296 noluerunt,
2148 2224 2264 2282 sed
2301 2225 2677 2310 plerumqve

539 2327 611 2385 in
659 2340 760 2382 eos
774 2364 792 2397 ‚
844 2338 1002 2399 qvos
1046 2314 1360 2378 malarum
1398 2315 1873 2397 superstitionis
1916 2318 2148 2377 artium
2186 2336 2523 2402 suspectos
2561 2323 2678 2386 ha-

538 2420 698 2480 buit.
804 2418 952 2499 Ipsa
999 2412 1275 2495 deniqve
1321 2414 1616 2471 Kiartani
1654 2415 1725 2471 in
1767 2411 2055 2474 consiliis
2100 2414 2434 2499 capiendis
2477 2421 2676 2483 auda-

543 2519 676 2593 cia,
760 2518 831 2573 in
890 2510 1273 2574 confitendis
1318 2511 1681 2588 sinceritaS,
1766 2511 1903 2596 regi
1946 2532 2263 2597 generoso
2304 2518 2413 2581 vix
2451 2516 2673 2600 displi-

541 2625 832 2681 fluerunt·

807 2708 1043 2771 Praeter
1082 2703 1284 2767 libros
1329 2704 1460 2787 jam
1502 2718 1893 2767 memoratos
1917 2709 2202 2771 Kiartani
2238 2714 2482 2774 mentio
2514 2724 2673 2796 'qvo-

550 2829 670 2890 qve
706 2805 775 2867 fit
812 2808 884 2866 in
920 2805 1193 2867 historia
1233 2796 1607 2888 Gunnlaugi
1649 2804 2099 2892 Vermssingvis
2137 2828 2202 2890 p.
2240 2821 2309 2886 4,
2390 2811 2460 2870 in
2498 2814 2675 2876 Fost-

659 3048 700 3108 *)
731 3047 922 3094 Historia
965 3065 1114 3107 regum
1144 3042 1494 3108 Norvegfcorum
1537 3067 1560 3095 a
1586 3040 1773 3097 Snorrio
1806 3043 1964 3098 Sturlae
2006 3043 2101 3118 filio
2143 3050 2392 3118 conscripta
2432 3053 2522 3107 vol.
2547 3058 2582 3104 1.
2623 3059 2670 3103 in
2739 3108 2744 3109 ⁷

726 3118 906 3163 historia
927 3119 1060 3176 'regis
1087 3122 1211 3165 Olavi
1245 3122 1459 3181 Tryggvii
1489 3121 1567 3167 filii
1596 3138 1725 3184 capp.
1757 3128 1824 3170 65.
1856 3131 1924 3170 78.
