2956 3854
1248 277 1252 281 ’
1270 268 1398 325 245

226 449 336 486 usu
339 438 697 501 praecellens,
721 456 769 486 ei
760 434 1192 500 qvoqvegladius
1217 440 1296 480 est
1311 433 1463 494 ferro
1487 434 1808 481 acutissimo.
1878 433 2086 481 Deinde
2097 432 2249 481 Anus
2268 450 2425 498 mag-

197 578 203 583 ,
229 543 307 577 no
346 544 459 575 cum
498 528 696 589 impetu
727 542 793 574 ac
821 524 1173 586 festinatione
1206 516 1474 585 tugurium
1507 522 1588 586 int>
1568 539 1798 579 ores-sus,
1857 524 2097 585 clypeum
2130 539 2297 586 supra
2327 539 2423 569 ca-

234 626 559 681 putgestans
570 614 619 662 8<
635 616 876 679 tenuiora
890 613 1066 677 clypei
1078 620 1382 659 antrorsum
1394 619 1610 660 vertens.
1665 612 1878 660 Bollius
1893 612 2043 658 illum
2060 613 2307 674 Pedimor
2310 628 2424 660 sore

221 687 386 768 feriit
395 704 710 767 abstulitque
724 711 1023 762 extremum,
1046 703 1182 766 qvod
1183 701 1500 764 prominuit‚
1525 701 1700 766 clypei
1712 700 2167 764 ipsumqueAnum
2181 718 2337 764 usqve
2348 702 2423 747 ad

236 768 480 840 hum-eros
507 793 715 856 diffidit.
789 792 897 839 Nec
909 791 1124 848 mirum,
1164 791 1210 837 si
1233 791 1324 839 ille
1353 791 1785 843 statimmortuus
1802 798 1894 837 est.
1964 790 2220 837 Lambias
2234 791 2421 837 deinde

235 881 529 944 ingressus,
574 882 744 928 lorica
778 881 870 927 ille
913 887 1076 926 tectus
1101 880 1342 942 strictum
1371 896 1490 927 vero
1518 889 1736 943 gestares
1754 879 1999 942 gladium
2022 897 2198 927 manu.
2271 881 2337 926 In
2361 896 2417 926 eo

232 979 490 1017 momento
500 971 716 1019 Bollius
737 970 1155 1017 Pedimorsorem
1175 986 1202 1015 e
1223 969 1436 1016 vulnere
1455 969 1707 1028 retraxit,
1745 970 2289 1032 tumqvealiqvantum
2302 971 2421 1031 cly-

220 1077 329 1124 ,pe‘o
359 1060 621 1116 nudatus,
649 1099 652 1102 Α
678 1067 1002 1122 qvapropter
1034 1056 1291 1104 Lambius
1318 1057 1500 1105 Bollio
1514 1072 1679 1119 grave
1703 1057 1758 1103 in
1777 1058 1964 1118 femur
1993 1060 2185 1104 vulnus
2219 1058 2417 1102 intulit.

228 1149 443 1198 Bollius
470 1132 657 1194 contra
681 1143 964 1215 Lambium
981 1145 1147 1208 feriit
1177 1145 1234 1191 in
1265 1145 1492 1192 axillam
1532 1153 1790 1209 totamque
1831 1145 2061 1193 hominis
2102 1146 2247 1192 latus
2280 1161 2416 1207 per-

229 1229 472 1292 strinxit,
508 1219 600 1283 nec
621 1250 846 1298 unqvam
862 1241 1054 1297 postea
1072 1249 1176 1297 per
1198 1234 1455 1298 reliqvum
1477 1233 1602 1281 vitoe
1627 1243 1831 1298 tempus
1861 1251 2054 1283 manus
2076 1236 2132 1282 in
2155 1235 2419 1297 integrum

217 1325 493 1374 restituta.
528 1324 1408 1387 HocmomentointravitHelgius,
1444 1322 1916 1385 Hardbeinifilius,
1942 1341 2104 1372 manu
2117 1333 2293 1371 tenens
2306 1325 2413 1370 lia—-

200 1406 367 1462 fistam
365 1415 524 1475 ferro
536 1414 679 1460 ulnoe
705 1414 1038 1477 longitudine
1050 1413 1429 1478 manubrioque
1436 1413 1595 1477 ferro
1619 1412 1860 1461 obducta·
1915 1415 2075 1473 Qvem
2101 1413 2189 1461 ubi
2201 1414 2414 1460 Bollius

164 1487 167 1491 ,
230 1504 534 1567 conspexit,
577 1502 802 1551 demisso
827 1492 1016 1565 gladio
1039 1504 1281 1566 clypeum
1305 1511 1531 1566 utraque
1558 1520 1722 1550 manu
1755 1503 2087 1566 prehendens
2120 1504 2175 1551 in
2209 1502 2413 1566 tugurii

221 1594 370 1656 fores
385 1600 572 1640 contra
581 1592 834 1655 Helgium
842 1608 1158 1656 progressus
1169 1601 1260 1640 est.
1312 1593 1786 1655 HelgiusBollium
1795 1592 1955 1640 hasta
1962 1601 2148 1655 petens
2170 1594 2412 1655 clypeum

223 1683 498 1747 ipsumque
522 1681 783 1728 hominem
809 1679 1092 1748 transfixit.
1181 1682 1310 1728 Tum
1331 1680 1545 1730 Bollius
1567 1683 1643 1728 ad
1668 1682 1871 1745 tugurii
1883 1683 2150 1745 parietem
2172 1684 2410 1729 reclina-

225 1771 396 1821 batur.
464 1769 589 1816 Jam
611 1769 789 1816 caeteri
824 1769 1094 1833 tugurium
1121 1769 1373 1832 ingressi:
1407 1768 1691 1817 Haldorus
1704 1787 1770 1817 ac
1788 1771 1937 1817 illius
1954 1771 2193 1831 fratres,
2236 1770 2410 1817 Thor-

216 1839 389 1924 ‘gerda
412 1858 598 1923 qvoqve
620 1858 873 1921 ingressa.
951 1859 1093 1906 Tunc
1107 1859 1245 1906 dixit
1255 1859 1492 1906 Bollius:
1516 1860 1637 1923 jam
1652 1860 1793 1907 vobis
1791 1860 2069 1921 fratribus
2093 1861 2409 1913 svadendum

225 1943 479 2018 existimo,
503 1948 1089 2011 utpropiusaccedatis,
1113 1948 1862 2011 qvamhucusqveaccessistis5
1887 1950 2172 1996 haudenim
2186 1950 2410 1995 multam

217 2039 338 2100 jam
373 2015 728 2085 resistentiam
761 2036 1011 2082 sentietis.
1099 2037 1405 2099 Thorgerda
1442 2037 1591 2082 illius
1612 2039 1816 2100 excepit
1843 2054 2154 2097 sermonem,
2192 2055 2406 2100 negans,

220 2116 312 2176 ¹illi
355 2142 464 2174 esse
501 2126 830 2188 parcendum
843 2159 860 2181 ,
916 2126 1007 2172 sed
1038 2124 1149 2171 sine
1190 2141 1340 2172 mora
1378 2126 1616 2174 Bollium
1653 2127 2027 2175 trucidandum
2073 2127 2403 2190 Confirmatis,

224 2216 502 2279 statimqve
533 2222 698 2277 caput
722 2231 757 2262 a
790 2222 975 2262 trunco
1002 2216 1363 2276 separandum
1383 2216 1596 2262 censuit.
1665 2216 1878 2264 Bollius
1897 2217 2074 2264 adhuc
2098 2220 2173 2264 ad
2205 2218 2407 2282 tugurii

218 2305 482 2374 parietem
505 2305 798 2373 reclinatus
811 2303 994 2367 plicas
1015 2303 1207 2349 tunicae
1233 2305 1510 2362 continuit,
1547 2321 1610 2351 ne
1625 2306 1828 2353 viscera
1850 2307 2158 2354 exciderent.
2226 2307 2405 2354 Stein-

222 2395 385 2455 dorus
409 2383 534 2452 tum,
575 2393 732 2440 Olavi
739 2391 914 2453 filius,
944 2392 1182 2438 Bollium
1213 2395 1450 2454 adortus,
1477 2395 1669 2441 collum
1691 2397 1861 2442 securi
1869 2398 2031 2459 feriit
2040 2399 2203 2460 juxta
2220 2397 2406 2443 hume—

217 2470 336 2542 ros,
373 2491 574 2544 tumque
601 2489 765 2544 caput
787 2482 994 2528 decidit.
1075 2481 1204 2528 Tum
1233 2481 1565 2546 Thorgerda:
1599 2494 1768 2532 macte
1787 2486 2010 2534 virtute!
2055 2488 2249 2550 inqvit,
2289 2487 2406 2532 Gu-

222 2572 411 2620 drunae
408 2572 530 2633 jam
541 2571 852 2633 aliqvandiu
865 2569 1050 2617 rubros
1068 2570 1333 2632 sincz'pitis
1344 2571 1589 2620 Bolliani
1602 2575 1832 2638 capillos
1855 2578 2117 2623 curandos
2128 2577 2257 2638 jore
2278 2593 2406 2622 con-

206 2655 454 2724 firmans.
501 2662 697 2708 Postea
713 2661 924 2724 tugurio
938 2661 1144 2724 egressi.
1191 2661 1237 2706 T
1233 2677 1318 2707 um
1341 2662 1601 2709 Gudruna
1621 2681 1655 2710 a
1671 2666 1845 2712 rivulo
1855 2668 2156 2724 ascenden3‚
2184 2665 2404 2711 Haleto-

217 2765 339 2805 ygum
360 2748 655 2812 alloquitur
665 2764 877 2814 roganS,
903 2750 1024 2813 qvid
1034 2749 1158 2797 novi
1169 2749 1223 2795 in
1239 2750 1454 2796 illorum
1467 2754 1690 2815 negotiis
1712 2771 1825 2801 cum
1837 2757 2019 2802 Bollio
2040 2763 2244 2818 gestum
2259 2761 2402 2800 esset.

144 2841 147 2843 “
216 2838 318 2908 Illi
328 2854 450 2898 rem,
469 2839 549 2884 uti
560 2847 683 2885 acta
697 2849 830 2898 erat,
845 2840 1082 2886 retulere.
1124 2840 1383 2886 Gudruna
1398 2851 1628 2903 angusta
1642 2859 1697 2889 er
1700 2853 1759 2889 at
1772 2845 1959 2890 induta
1969 2845 2162 2901 tunica,
2178 2843 2262 2888 cui
2274 2857 2400 2886 con-

220 2928 421 3002 tignum
434 2936 552 2973 erat
565 2929 869 2992 strophium
877 2937 1071 2976 textum
1086 2938 1240 2992 atqve
1251 2938 1561 2992 angustum,
1581 2933 1756 2994 capite
1770 2934 1943 2993 cidar
1926 2950 1994 2979 zm
2008 2946 2270 2996 maguam,
2294 2945 2400 2974 an·—

220 3025 450 3063 trorsum
464 3025 750 3076 curvatam,
758 3018 1022 3080 gestabat
1038 3020 1241 3075 Velam,
1257 3019 1432 3066 lividis
1445 3020 1592 3065 striis
1603 3021 1932 3081 distinctum,
1942 3019 2213 3081 linteisque
2226 3035 2286 3065 ea
2292 3026 2340 3064 11·
2343 3035 2401 3064 e—

217 3104 495 3153 mitatibus
510 3122 615 3152 sese
630 3108 706 3151 cir
710 3108 1105 3169 cumligaverat.
1130 3109 1375 3171 HelgiuS,
1390 3108 1856 3170 Hardbeinifllius,
1872 3110 2183 3155 Gudrunam
2200 3105 2400 3153 adiit&

218 3197 376 3242 imam
393 3194 496 3242 veli
499 3203 715 3257 partem
723 3196 1068 3259 prehendens,
1083 3198 1269 3257 hastae,
1288 3215 1386 3262 qva
1402 3199 1637 3246 Bollium
1652 3188 2005 3261 transfixerat,
2021 3216 2077 3247 eo
2093 3197 2398 3261 sangvinem
