2956 3854
1275 270 1397 321 301

248 452 430 500 amqve
436 435 574 498 fecit
597 452 649 483 se
676 435 825 499 ligna
842 436 949 496 'pro
985 431 1180 496 templo
1201 431 1513 493 aedificando
1541 432 1712 495 ipsum
1749 433 2156 497 adqvisiturum.
2237 436 2412 483 Thor-

204 552 208 553 ν
248 526 383 573 hello
406 541 471 571 ac
495 526 767 572 Gudrunae
785 516 1067 585 filiusfuit
1093 522 1332 570 Gellerus
1351 511 1580 581 nomine,
1613 523 1752 570 brevi
1772 524 2027 584 optimam
2049 525 2132 569 sui
2152 542 2298 587 spem
2325 543 2420 573 ex-

247 614 442 661 hibens.
514 614 742 670 Bellias,
763 611 934 659 Bollii
939 611 1111 673 filiu-9,
1116 627 1220 674 per
1244 611 1380 659 vices
1398 611 1593 672 Tungae
1607 607 1963 673 &Helgafelli
1975 614 2416 672 commorabatur,

239 703 443 766 fuitqve
454 701 707 764 Snorroni
729 700 1123 762 acceptissimus
1132 716 1153 759 3
1193 699 1499 748 Tborleikus
1523 708 1720 758 autem,
1737 701 2084 762 Bolliifilius,
2118 703 2420 764 Helgaselli
2462 762 2465 764 q

170 832 173 835 ,
244 790 568 838 morabatur.
650 791 866 852 Uterqve
886 789 1134 850 fratrum
1162 804 1370 851 magnae
1404 795 1630 836 staturae
1656 789 1807 836 homo
1831 806 1897 836 ac
1922 799 2194 847 strenuus,
2242 801 2418 839 tamen

242 880 458 928 Bollius
472 880 526 925 in
538 878 771 925 omnibus
777 880 1146 940 praestantior.
1179 878 1482 925 Thorkellus
1488 878 1771 940 privignos
1782 880 2062 946 admodum
2082 881 2247 925 amice
2264 889 2417 927 trac-
2456 925 2459 927 .

244 969 395 1018 tavit.
465 969 587 1015 Jam
603 967 816 1016 Bollius
838 968 984 1015 XVI
1004 975 1123 1013 erat
1154 983 1324 1016 annos
1352 974 1527 1025 natus,
1568 967 1874 1013 leorleikus
1901 977 2076 1015 autem
2098 971 2222 1015 XX.
2275 971 2418 1016 Tunc

250 1058 556 1106 &horleikus
580 1057 716 1103 dixit
735 1055 916 1115 matri,
950 1073 1004 1101 se
1018 1070 1241 1118 peregre
1262 1054 1530 1117 proficisci
1553 1055 1685 1100 velle
1697 1071 1715 1113 ,-
1754 1070 1877 1100 nam
1895 1038 2199 1117 pertaesum,
2233 1057 2415 1118 inqvit,

243 1135 378 1194 milzi-
406 1155 483 1192 est
514 1146 962 1192 mulier-ammom
993 1144 1134 1189 domi
1166 1156 1448 1188 remanere.
1559 1143 1762 1190 Vellem
1804 1143 1937 1189 milii
1962 1144 2415 1206 peregrinationis

241 1251 433 1283 merces
449 1234 830 1297 praeberentur.
909 1230 1218 1279 Tborkellus
1230 1231 1530 1294 respondit:
1557 1231 1705 1278 haud
1726 1231 1858 1277 milti
1881 1232 2102 1289 videtur,
2124 1235 2254 1294 qvod
2273 1234 2414 1280 vobis

226 1323 502 1388 fratribus
538 1322 760 1370 multum
794 1321 1106 1368 adversatus
1139 1320 1264 1379 sim,
1311 1335 1571 1382 posqvam
1625 1320 1889 1382 affinitate
1928 1322 2192 1383 conjuncti
2233 1323 2410 1381 simus,

241 1431 333 1462 nec
348 1413 576 1477 iniqvum
597 1412 819 1468 videtur,
855 1410 901 1455 si
926 1418 984 1456 tu
1003 1409 1155 1471 cupis
1178 1417 1486 1458 caeterarum
1502 1409 1740 1472 gentium
1758 1425 1926 1456 mores
1955 1426 2409 1472 cognoscet-emam

225 1505 431 1564 sortem
453 1510 501 1549 te
521 1499 717 1558 virum,
762 1514 1103 1561 qvemcunqve
1123 1499 1291 1544 locum
1310 1498 1509 1544 adieris
1532 1506 1630 1544 aut
1661 1515 1972 1562 qvoscunqve
2005 1500 2245 1546 honestos
2269 1501 2409 1548 viros

239 1589 553 1647 conveneris,
577 1587 816 1634 habitum
838 1587 908 1634 iri
939 1586 1152 1649 confido.
1232 1587 1279 1632 T
1273 1586 1539 1632 horleikus
1565 1587 1763 1632 multas
1787 1603 1839 1632 se
1863 1603 1986 1648 opes
2003 1590 2406 1648 postulaturum

239 1680 449 1744 negavit
459 1695 478 1740 ,⁸
524 1677 672 1724 haud
695 1675 846 1732 enim,
869 1674 1051 1736 inqvit,
1076 1682 1270 1720 certum
1292 1682 1395 1730 est,
1429 1683 1487 1720 ut
1505 1691 1598 1736 ego
1632 1677 1760 1721 illas
1784 1691 2092 1731 conservem,
2136 1677 2181 1721 si
2206 1678 2407 1739 qvidem

238 1786 330 1832 ego
356 1784 469 1814 sum
490 1767 791 1811 adolescens
815 1759 867 1808 8<
883 1762 1067 1808 multis
1092 1763 1148 1807 in
1166 1762 1316 1807 rebus
1337 1762 1484 1808 baud
1501 1763 1637 1808 satis
1646 1763 1760 1824 fixo
1787 1763 2018 1810 consilio.
2098 1765 2144 1810 T
2141 1764 2406 1810 horkellus

236 1859 389 1906 illam
414 1863 620 1902 tantum
635 1868 803 1900 secum
825 1850 1052 1911 auferre,
1089 1859 1335 1913 qvantum
1360 1852 1467 1913 ipsi
1481 1852 1736 1912 placeret,
1754 1852 1939 1913 jussit,
2008 1853 2214 1899 Deinde
2235 1854 2405 1899 Thor—

151 1957 156 1960 '
234 1948 401 1994 hellus
431 1943 705 1991 Thorleiko
739 1947 1076 1989 commeatum
1104 1941 1290 1985 coe'mit
1320 1941 1375 1986 in
1397 1940 1536 1996 navi,
1573 1956 1684 2002 qvoe
1704 1941 2109 2001 Do'gurdarnesi
2133 1942 2401 1988 adstabat.

234 2035 440 2084 Deinde
458 2031 763 2079 Thorkellus
784 2030 935 2075 illum
954 2029 1028 2073 ad
1049 2043 1230 2075 navem
1255 2029 1532 2074 comitatus
1548 2026 1597 2074 8<
1610 2030 1810 2091 qvidem
1836 2030 1976 2076 omni
1994 2032 2146 2081 modo
2166 2030 2316 2076 illum
2331 2034 2404 2077 ad

238 2127 338 2172 iter
363 2123 484 2169 bene
506 2119 750 2183 paravit.
820 2117 903 2164 Ea
925 2124 1110 2162 aestate
1134 2110 1440 2163 leorleikus
1459 2119 1849 2179 peregrinatus·
1925 2119 2120 2166 Verum
2144 2119 2230 2164 ubi
2257 2121 2402 2166 Nor-

235 2214 449 2276 vagiam
458 2209 716 2273 pervenit,
736 2207 935 2253 Olavus
948 2213 1178 2262 sanctus,
1197 2207 1325 2262 Rex,
1361 2223 1573 2252 summae
1594 2224 1766 2254 rerum
1781 2208 2018 2269 proefuit.
2097 2208 2403 2256 Thorleikus

236 2319 403 2365 regem
422 2300 522 2347 Ota
530 2314 644 2346 vum
660 2296 844 2342 statim
869 2295 1122 2342 convenit.
1191 2296 1305 2340 Rex
1321 2294 1471 2341 illum
1495 2295 1615 2341 bene
1633 2298 1834 2358 excepit
1848 2305 1999 2359 atqve
2009 2314 2172 2359 genus
2186 2300 2403 2361 agnovit

235 2392 479 2453 illumqve
510 2388 584 2433 ad
611 2392 673 2432 'se
714 2384 974 2431 invitavit.
1046 2384 1114 2429 Id
1142 2383 1448 2429 leorleikus
1484 2384 1632 2430 haud
1664 2394 2009 2448 aspernatus,
2048 2389 2198 2449 apud
2234 2404 2403 2451 regem

229 2496 330 2544 per
364 2479 597 2540 hyemem
628 2472 1074 2527 commorabatur,
1120 2471 1364 2533 illiusqve
1399 2472 1608 2519 aulicus
1637 2475 1830 2535 factus
1862 2483 1952 2521 est.
2024 2476 2216 2539 Magni
2252 2478 2404 2524 illum

235 2566 517 2616 oestimavit
543 2580 633 2610 rex
643 2579 661 2623 ,·
716 2564 761 2609 T
758 2562 1021 2608 lzorleikus
1051 2560 1188 2605 enim
1217 2560 1372 2606 valde
1410 2568 1655 2608 strenuus
1690 2564 1905 2610 lzabitus
1933 2573 2011 2610 est
2041 2565 2145 2620 vir,
2183 2563 2231 2612 8<
2255 2569 2404 2629 apud

234 2672 403 2719 regem
426 2655 646 2701 Olavutn
663 2652 851 2714 plures
874 2649 1070 2712 qvidem
1091 2664 1260 2694 annos
1290 2649 1444 2709 degit.
1517 2651 1639 2697 Jam
1664 2645 1725 2698 de
1737 2654 1917 2700 Bollio
1935 2654 2106 2700 Bollii
2124 2655 2255 2715 filio,
2292 2673 2403 2702 me-

232 2722 546 2791 morandum
578 2729 745 2796 venit,
793 2740 924 2802 qvod
961 2728 1172 2785 XVIII
1205 2753 1374 2783 annos
1410 2747 1570 2785 natus
1602 2757 1716 2787 vere
1753 2744 1797 2789 T
1794 2743 2083 2789 berkellum
2095 2776 2110 2797 ,
2161 2744 2401 2790 vitricum

180 2888 182 2890 v
234 2850 384 2880 suum
408 2848 472 2878 ac
494 2838 715 2877 matrem
737 2829 1029 2891 alloqvitur
1057 2843 1253 2888 rogans
1271 2859 1288 2882 ,
1325 2835 1384 2871 ut
1401 2836 1689 2888 paternam
1720 2840 1870 2876 suam
1899 2832 2151 2879 solverent
2172 2832 2401 2878 lzoeredi-

234 2931 409 2969 tatem.
485 2921 745 2969 Gudruna
779 2917 1013 2980 rogavit,
1060 2915 1180 2978 qvid
1205 2915 1295 2961 ille
1320 2923 1428 2961 tum
1460 2915 1559 2961 sibi
1581 2921 1949 2979 proposuerit,
2001 2922 2401 2983 qvandoqvidem

232 3011 298 3057 ab
321 3010 432 3056 illis
468 3024 590 3070 opes
625 3014 927 3068 reposceret.
997 3005 1210 3052 Bollius
1235 3005 1534 3066 respondit:
1568 3021 1682 3051 mea
1706 3008 1902 3069 qvidem
1929 3010 2176 3065 voluntas
2200 3018 2299 3069 est,
2343 3021 2402 3058 ut

231 3100 361 3146 milti
387 3113 517 3144 uxor
534 3104 773 3158 petatur,
813 3092 862 3140 8<
886 3095 1083 3158 qvidem
1097 3095 1296 3152 vellem,
1334 3093 1499 3156 inqvit
1519 3094 1743 3151 Bollius,
1781 3096 1860 3140 uti
1887 3104 1943 3141 tu
1963 3097 2266 3145 Thorkelle.'
2299 3101 2401 3147 hac

231 3191 286 3235 in
314 3205 368 3235 re
390 3203 467 3233 me
487 3185 785 3248 adjuvare-5,
823 3184 902 3230 uti
939 3183 1061 3229 bene
1075 3192 1258 3244 posset
1274 3184 1569 3245 procedere.
1650 3184 2207 3248 slhorkellusrogavit,
2253 3205 2402 3252 qvam
