2956 3854
1375 246 1447 300 IX

342 423 431 492 ris
462 433 711 496 essent,
755 433 818 481 et
855 416 1122 500 qvidem„
1149 433 1191 474 a
1228 414 1395 476 villis
1438 414 1832 493 aliqvantum
1856 421 2171 477 remotae.”
2246 419 2316 479 Ρ.
2337 436 2479 489 2282

344 521 551 580 ”Tum
618 521 687 577 in
739 515 922 576 Dalis
988 510 1238 572 nullum
1295 510 1609 595 templum
1662 524 1799 572 erat
1844 502 2290 586 exstructum.''
2405 521 2479 579 In

347 614 791 699 Genealogii3‚
880 630 1038 693 quas
1077 623 1303 671 noster
1343 628 1526 670 more
1563 605 1967 671 Islandorum
2005 612 2198 676 solito
2246 613 2480 677 identi.

343 711 493 775 dem
551 709 763 786 offert,
847 702 1231 771 offendimus
1275 729 1341 792 p.
1397 722 1508 776 229
1547 707 1902 769 Eisteinum
1961 709 2041 771 ab
2100 733 2271 773 anno
2332 727 2479 783 1161

342 809 912 894 archiepiscopum
968 804 1313 882 Nidrosiae,
1398 819 1461 867 et
1508 826 1572 890 Ρ.
1626 820 1737 872 333
1794 804 2105 867 Ketillum
2158 809 2479 889 abbatem,

343 910 458 991 qvi
496 907 577 968 ab
619 928 792 969 anno
842 921 984 973 1221
1027 905 1438 973 monasterio&
1466 900 2245 987 Helgafellensipraefuit·
2324 911 2482 970 Duo

342 1003 570 1068 saltem
628 1017 963 1069 stemmata
1012 1024 1098 1085 Ρ.ἶ
1138 1010 1271 1068 120.
1297 1015 1361 1061 et
1405 1022 1471 1083 p.
1523 1015 1636 1067 333
1691 1015 1971 1083 quatuor
2026 1006 2482 1088 generationes

339 1116 685 1164 recensent¹
733 1098 887 1162 inde
941 1120 981 1162 a
1033 1097 1242 1181 Bollio
1291 1096 1482 1159 Bollii
1528 1095 1696 1175 filio,
1779 1101 1959 1180 cujus
2009 1122 2112 1164 res
2160 1116 2350 1186 gestae
2400 1100 2485 1163 ad

237 1278 240 1280 ,
341 1198 587 1262 calcem
655 1198 941 1262 liistoriae
999 1212 1234 1260 nostrae
1301 1210 1708 1272 enarrantur;
1794 1212 2024 1270 caetera
2077 1219 2234 1261 vero
2295 1214 2485 1264 stem—

336 1311 514 1360 mata
549 1298 859 1362 maturius
903 1295 1222 1361 desinunt.
2029 1365 2031 1368 .

603 1398 706 1457 De
750 1400 1046 1481 regione,
1138 1397 1209 1454 in
1250 1413 1374 1478 qva
1410 1392 1686 1455 historia
1732 1408 1957 1455 nostra
1994 1395 2120 1457 fuit
2160 1394 2478 1471 confecta,

335 1492 541 1554 multo
597 1495 858 1557 brevior
899 1497 1019 1555 erit
1060 1494 1433 1574 disputatio,
1515 1493 1722 1551 Totus
1766 1494 2075 1560 nimirum
2116 1507 2213 1552 est
2253 1506 2482 1553 auctor

335 1593 407 1650 in
443 1589 635 1650 rebus
675 1594 867 1651 unius
907 1593 1114 1672 gentis
1124 1634 1145 1665 ,
1224 1590 1416 1649 unius
1457 1600 1729 1663 tractim,
1813 1587 2210 1648 enarrandis,
2314 1590 2482 1649 Tam

337 1701 636 1750 accurate
691 1699 754 1748 et
802 1689 997 1747 situm
1044 1685 1380 1761 locorum,
1462 1698 1527 1744 et
1576 1684 1861 1746 rationes
1921 1686 2228 1747 itinerum
2270 1700 2477 1764 notat,

331 1800 481 1851 tam,
502 1782 719 1847 vivide
767 1782 1073 1847 describit
1116 1798 1325 1845 totum
1363 1782 1731 1860 hominum,
1788 1804 1946 1866 qvos
1989 1798 2249 1871 agentes
2291 1785 2484 1845 indu-

333 1885 451 1960 cit,
492 1881 821 1960 ‚habitum,
867 1897 941 1943 ut
979 1903 1079 1944 res
1122 1903 1261 1943 non
1299 1879 1513 1966 solum
1549 1883 1793 1964 patrias
1833 1880 1951 1943 sed
1991 1885 2186 1943 etiam
2226 1881 2483 1967 gentili—

331 1983 452 2043 tias
492 1983 768 2064 posteris
806 1979 1148 2045 mandasse
1187 1978 1510 2054 videatur3
1560 1982 1696 2061 qvis
1738 2001 1893 2042 vero
1930 1979 2047 2050 ville
2085 1979 2311 2057 fuerit,
2355 2000 2478 2050 nos

336 2083 604 2139 omnino
661 2077 834 2138 latet.
965 2076 1282 2138 Nonnulli
1340 2077 1599 2157 qvidem
1651 2090 2174 2153 autumaverunt,
2249 2078 2479 2136 Arium

331 2173 757 2248 Multiscium,
848 2174 1131 2255 primum
1190 2173 1359 2230 inter
1419 2169 1712 2230 Islandos
1776 2174 2194 2253 scriptorem,
2282 2172 2473 2251 hujus

333 2291 584 2355 qvoqve
625 2268 776 2329 libri
817 2282 1150 2341 auctorem
1186 2266 1384 2326 fuisse
1398 2269 1485 2343 *)„
1525 2264 1658 2339 sed,
1680 2269 1789 2329 vix
1826 2267 1960 2339 ulla
2001 2266 2129 2329 alia
2154 2266 2234 2330 de
2262 2288 2475 2340 causa,

329 2370 456 2429 nisi
513 2363 688 2450 qvod
738 2366 928 2424 Arius
982 2378 1242 2427 atavum
1304 2362 1608 2425 habuerit
1659 2364 2085 2443 Thorkelem,
2176 2366 2477 2427 ultimum

330 2463 658 2528 Gudrunae
695 2464 1013 2524 maritum.
1121 2463 1260 2524 Nec
1294 2463 1530 2523 mirum
1567 2484 1724 2524 sane
1763 2462 2213 2547 plerarumqve
2257 2461 2338 2525 de
2376 2485 2477 2526 re-

329 2564 451 2628 bus
482 2559 811 2623 islandicis
849 2561 1298 2620 narrationum
1335 2574 1630 2622 auctores
1670 2560 1866 2643 plane
1910 2582 2034 2623 nos
2078 2561 2296 2624 latere.
2374 2560 2474 2621 Illi

331 2662 532 2737 enim,
593 2662 699 2743 qvi
737 2679 836 2720 res
880 2659 1200 2738 majorum
1245 2671 1454 2742 gestas
1492 2656 1718 2720 litteris
1761 2661 2334 2745 consignaverunt,
2394 2657 2473 2718 li-

330 2760 696 2820 brariorum
741 2758 945 2840 magis
996 2775 1188 2839 qvam
1250 2769 1589 2817 auctorum
1634 2771 1851 2840 partes
1900 2761 2107 2844 egisse
2149 2756 2466 2830 videntur,

332 2855 488 2919 dum
523 2859 961 2934 narrationeS,
1021 2873 1208 2937 qvas,
1258 2855 1572 2917 continua
1603 2857 1926 2932 orationis
1966 2858 2131 2918 serie
2173 2874 2468 2936 compre·

443 3103 484 3159 *)
514 3101 608 3146 Csr.
644 3100 699 3146 Ε.
738 3101 791 3146 C.
822 3092 1048 3146 werlauff
1086 3098 1142 3145 de
1173 3099 1283 3146 Ario
1313 3095 1537 3146 Multiscio
1579 3099 1879 3162 antiqvissimo
1914 3097 2198 3146 Islandorum
2238 3101 2466 3147 historico.

507 3171 688 3215 Han-nia}
718 3179 827 3217 1800
854 3187 901 3233 Ρ.
932 3179 1001 3217 98.
1433 3178 1435 3180 ’

2116 3245 2188 3290 (2)
