2956 3854
1273 202 1425 288 ,19

288 399 387 448 dus
428 396 584 461 filius
634 393 921 446 Dalakolli
976 401 1095 442 erat
1151 392 1327 440 adhuc
1394 393 1697 440 adolescens
1761 410 1876 440 cum
1935 401 2100 458 pater
2158 393 2464 454 moreretur,

286 488 551 540 maturior
618 497 794 534 tamen
863 484 1071 548 ingenio
1143 498 1298 547 qvam
1367 481 1539 527 annis.
1664 481 1937 530 H‘o'skulus
2034 491 2152 530 erat
2219 484 2303 532 vir
2373 502 2466 532 ve-

286 586 475 627 nustus
519 585 842 641 augustoque
893 573 1132 637 corporis
1178 569 1399 632 habitu3
1484 570 1577 617 ille
1622 571 2012 634 patrimonium
2057 590 2207 620 suum
2265 590 2467 638 remque

271 667 614 730 familiarem
648 659 964 727 capessivit3
1000 662 1151 728 idqve
1176 659 1471 726 praedium,
1513 659 1602 707 ubi
1620 661 1835 709 Kollius
1867 659 2238 720 habitaverat,
2276 662 2343 709 ab
2371 664 2465 710 illo

288 756 537 805 trahebat
570 769 780 811 nomen,
829 753 1162 818 qvippeqvod
1202 750 1628 798 Hoskuldstadir
1669 751 1856 798 deinde
1881 750 2256 798 nominaretur.
2344 752 2469 800 Ho-

285 846 504 893 skuldus
546 843 602 890 in
631 843 855 907 negotiis
891 831 1186 890 domesticis
1217 841 1503 889 multorum
1548 841 1790 888 amicitia
1825 839 2100 900 utebatur,
2158 842 2350 905 qvippe
2384 843 2471 906 qvi

285 935 469 996 multis
507 932 852 980 columinibus
874 933 951 980 rei
982 932 1315 997 familiaris,
1362 939 1473 978 tam
1497 931 1737 995 cognatis
1762 947 1916 997 qvam
1947 930 2159 990 amicis,
2197 932 2467 998 niteretur,

287 1040 411 1091 qvos
424 1032 590 1087 pater
609 1018 803 1070 Kollus
832 1022 933 1070 sibi
967 1024 1313 1086 adjunxerat,
1356 1021 1662 1084 Thorgerda
1685 1037 1806 1069 vero
1838 1022 1884 1070 T
1879 1020 2161 1067 horsteinis
2166 1020 2311 1083 filia,
2347 1037 2468 1067 ma-

288 1123 367 1162 ter
393 1112 688 1171 Hoskuldi,
734 1120 894 1159 aetate
911 1170 913 1173 y
915 1113 1037 1177 jam
1060 1111 1308 1176 florenti,
1344 1112 1632 1176 formaqve
1666 1110 2061 1179 venustissima,
2102 1118 2227 1173 post
2253 1120 2470 1158 mortem

283 1202 435 1253 Kolli
461 1202 720 1250 Islandiae
733 1209 971 1266 pertaesa
983 1237 1000 1263 ,
1035 1202 1302 1265 H‘o‘sltuldi
1313 1201 1437 1265 filio
1459 1180 1679 1265 aperit,
1712 1202 1845 1250 velle
1886 1217 1939 1247 se
1962 1216 2183 1264 peregre
2203 1201 2470 1264 proficisci

138 1311 141 1314 ’
222 1323 225 1327 -
285 1307 402 1340 cum
426 1291 627 1356 apibus,
659 1309 789 1356 qvas
815 1293 1246 1356 sortitafuisset,·
1281 1293 1589 1340 Hbskuldus
1616 1293 1714 1340 hoc
1739 1292 1969 1357 quidem,
2006 1292 2086 1338 uti
2120 1292 2263 1351 alia,
2300 1291 2469 1354 ipsius

284 1377 464 1431 animo
483 1381 917 1446 gratificaturum
942 1401 995 1431 se
1017 1383 1314 1447 profitetur,
1347 1383 1584 1447 qvamvis
1601 1383 1896 1445 plurimum
1918 1381 2117 1428 doloris
2140 1383 2249 1443 ejus
2270 1382 2470 1428 disces—

284 1489 377 1521 sus
403 1473 504 1519 sibi
527 1471 759 1537 afferret.
827 1473 987 1521 Emta
1019 1473 1205 1519 deinde
1240 1473 1369 1521 navi
1395 1470 1650 1528 dimidia,
1691 1487 1804 1536 qvoe
1828 1457 2238 1535 Dogurdarnesi
2271 1471 2470 1519 statio-

284 1579 404 1612 nem
434 1562 686 1623 tenebat,
720 1563 1025 1626 Thorger'da
1057 1563 1266 1625 magnis
1295 1579 1412 1610 cum
1442 1562 1628 1625 opibus
1659 1562 1735 1607 ad
1769 1577 1956 1610 navem
1989 1577 2042 1607 se
2068 1560 2271 1620 confert
2283 1576 2301 1620 ,-
2339 1568 2468 1624 post

285 1653 459 1702 altum
493 1649 675 1715 petit,
724 1651 985 1715 felicique
1016 1667 1114 1697 usa
1143 1642 1490 1715 navigatione
1525 1650 1707 1699 navim
1739 1650 1815 1696 ad
1848 1649 2181 1714 Norvagiam
2221 1648 2468 1713 appellit.

256 1770 267 1776 κ
290 1742 598 1806 Tkorgerda
618 1723 903 1803 familiam
945 1758 1198 1805 magnam
1226 1742 1518 1806 multosqve
1551 1740 1751 1787 nobiles
1793 1749 2044 1805 cognatos
2087 1740 2143 1786 in
2189 1740 2468 1803 Norvagia

283 1832 498 1892 habuit,
529 1832 615 1897 qvi
635 1850 750 1879 eam
774 1832 990 1880 comiter
1017 1832 1333 1895 excipientes
1357 1833 1552 1896 qvaevis
1580 1829 1893 1896 offerebant,
1942 1847 2058 1896 quoe
2088 1829 2155 1877 ab
2195 1830 2330 1894 ipsis
2354 1830 2467 1878 vel-

282 1920 358 1972 let
382 1923 634 1986 accipere.
725 1923 1070 1992 Thorgada,
1105 1938 1218 1987 qvae
1244 1921 1625 1986 offerebantur,
1665 1931 1827 1986 grato
1851 1923 2029 1970 animo
2052 1921 2283 1985 accepit,
2354 1921 2469 1968 ait-

287 1996 407 2079 que,
465 2011 566 2058 sibi
605 2029 712 2060 esse
734 2013 789 2059 in
826 2012 1005 2059 animo
1057 2011 1130 2058 ibi
1164 2011 1338 2072 fixam
1366 1992 1534 2059 sedem
1568 2013 1773 2075 eligere.
1868 2012 2173 2074 Thorgerda
2220 2025 2326 2056 non
2375 2009 2470 2056 diu

277 2101 453 2153 &idua
488 2109 629 2159 erat,
682 2109 965 2162 anteqvam
1007 2101 1092 2148 vir
1127 2101 1340 2163 qvidam
1372 2116 1488 2145 eam
1508 2100 1732 2148 ambiret
1754 2100 1959 2148 nomine
1981 2100 2276 2161 Herjolfus‚
2316 2099 2467 2146 homo

289 2191 554 2256 dignitate
591 2190 863 2252 proefecti,
913 2189 1189 2251 opulentia
1223 2197 1276 2234 et
1300 2188 1435 2234 bona
1471 2189 1860 2237 existimatione
1891 2183 2085 2236 clarus·
2155 2189 2213 2235 Is
2249 2204 2468 2251 corpore

287 2289 407 2330 erat
419 2294 643 2343 procero
665 2287 820 2340 atqve
847 2276 1079 2335 robusto,
1107 2284 1326 2340 aspectu
1351 2294 1455 2323 non
1469 2278 1716 2341 pulchro,
1737 2295 1915 2326 verum
1938 2279 2090 2324 vultu
2115 2278 2263 2325 virili
2285 2279 2468 2342 digni-

289 2378 402 2418 tate
431 2384 589 2433 quam
614 2367 841 2412 maxime
877 2367 1157 2429 conspicuo
1170 2384 1190 2429 ,·
1242 2365 1446 2429 peritia
1482 2370 1752 2415 armorum
1785 2368 2052 2433 plurimos
2095 2368 2329 2415 homines
2361 2387 2467 2417 an-

224 2475 227 2477 ’
286 2458 574 2509 tecellebat.
664 2455 1009 2519 leorgerdae,
1047 2472 1162 2502 cum
1197 2456 1260 2502 de
1294 2455 1398 2503 hac
1430 2473 1486 2506 re
1507 2467 1770 2522 ageretur,
1807 2467 1990 2523 utpote
2012 2458 2201 2518 viduoe,
2239 2468 2358 2506 erat
2378 2477 2466 2508 re·-

288 2564 540 2616 sponsum
587 2542 744 2607 dare,
814 2555 970 2610 atqve
1009 2546 1265 2595 consultis
1306 2549 1547 2611 cognatis
1593 2550 1943 2597 conditionem
1981 2566 2085 2597 non
2137 2551 2467 2613 detrectavit,

289 2641 423 2705 inito
450 2639 628 2701 itaque
652 2654 767 2684 cum
788 2637 1040 2700 Herjolfo
1061 2638 1426 2700 matrimonio,
1482 2656 1597 2687 cum
1624 2659 1682 2689 eo
1705 2643 1914 2689 domum
1930 2641 2203 2704 profecta,
2240 2658 2347 2688 rem
2359 2642 2467 2704 fa·-

288 2730 554 2780 milia‘rem
587 2728 844 2791 capessit,
890 2737 1103 2776 mutuus
1123 2744 1274 2775 amor
1300 2729 1438 2776 inter
1462 2748 1547 2778 eos
1578 2731 1833 2796 incaluit3
1890 2733 2196 2796 Thorgerda
2228 2749 2346 2780 mox
2364 2750 2467 2798 ge·-

254 2815 256 2817 ’
291 2835 492 2874 nerosae
535 2819 730 2866 indolis
767 2821 1077 2886 documenta
1112 2819 1342 2887 exhibet;
1405 2822 1635 2885 Herjolfi
1678 2840 1799 2872 vero
1834 2823 2064 2870 conditio
2107 2824 2273 2870 multo
2310 2841 2465 2888 qvam

289 2919 449 2958 antea
463 2909 649 2956 melior
660 2918 814 2975 atqve
825 2910 1053 2959 nobilior
1067 2910 1197 2972 visa,
1224 2927 1339 2958 cum
1354 2913 1513 2961 talem
1537 2921 1726 2962 nactus
1748 2922 1880 2963 esset
1899 2928 2126 2975 uxorem,
2149 2915 2321 2979 qvalis
2345 2909 2464 2964 erat

298 2999 617 3064 Thorgerda.
1855 2982 1867 2988 ἐ

2091 3275 2195 3323 02
