2956 3854
1245 265 1366 320 153

234 432 594 482 instituebant.
663 434 862 481 Exorto
893 439 1068 479 autem
1102 438 1262 478 cantu
1292 429 1521 492 magioO,
1578 429 1687 489 illi,
1741 430 1823 494 qvi
1855 426 2198 488 intuserant,
2253 433 2400 480 haud

230 540 357 574 sane
392 521 778 584 intelligebant,
812 522 936 584 qvid
964 521 1061 567 lzoc
1098 519 1175 566 rei
1205 526 1362 577 esset,
1390 518 1627 580 pulchra
1667 527 1841 565 autem
1875 521 2111 567 canentis
2142 522 2254 568 visa
2287 539 2396 569 vox.

230 611 383 658 Solus
406 612 617 658 Hrutus
637 611 774 657 hunc
806 626 986 656 sonum
1024 607 1290 671 cognovit,
1327 607 1629 670 rogavitque
1651 622 1713 653 ne
1742 607 1855 671 qvis
1881 625 1942 654 ea
1970 618 2117 655 nocte
2140 627 2165 655 e
2181 610 2398 670 foribus

221 701 567 763 prospiceret,
606 707 758 762 utque
793 696 1033 760 qvilibet,
1075 704 1327 759 qvantum
1355 695 1504 758 potis
1538 704 1685 754 esset,
1725 713 1777 742 se
1817 712 1852 741 a
1884 714 2061 744 somno
2097 698 2397 756 abstineret,

229 797 446 851 tumqve,
473 787 519 832 si
548 788 626 833 ita
636 788 826 848 facere
852 787 1200 845 instituerent,
1237 786 1319 832 nil
1343 785 1476 831 mali
1510 785 1622 830 illis
1656 786 1869 832 illatum
1887 787 2017 846 fore
2054 787 2394 849 confirmavit.

217 878 414 924 ‘Omnes
442 884 615 924 tamen
644 893 820 923 somno
847 876 1102 938 oppressi.
1171 876 1385 923 Hrutus
1418 874 1712 921 diutissime
1737 891 1969 922 somnum
2002 875 2246 935 evitavit,
2306 862 2416 921 ττι-ζ

223 981 338 1012 men
357 961 520 1012 &ille
552 965 766 1028 deniqve
793 981 970 1011 somno
1005 966 1186 1012 victus.
1265 964 1440 1010 Filius
1475 971 1593 1009 erat
1621 964 1801 1009 Hruto
1830 963 2012 1010 Karus
2042 964 2247 1009 nomine
2279 964 2403 1010 XII

208 1062 334 1101 tum
357 1071 526 1100 annos
555 1062 730 1110 natus,
760 1053 931 1101 Hruti
944 1053 1186 1113 filiorum
1213 1052 1426 1114 optimae
1448 1051 1562 1112 spei
1586 1051 1910 1107 adolescens,
1943 1052 2099 1113 patri
2128 1051 2283 1097 valde
2308 1051 2396 1096 di-

224 1126 387 1190 lectus
394 1159 414 1203 ,·
444 1142 531 1190 vix
555 1141 645 1187 ille
669 1157 893 1204 unqvam
919 1140 1343 1199 obdormiscebat,
1371 1139 1455 1184 illi
1475 1138 1611 1184 enim
1638 1138 1881 1200 veneficia
1898 1140 2193 1202 plurimum
2218 1139 2415 1184 inten-

224 1231 512 1289 debantur5
550 1230 635 1275 illi
653 1230 739 1277 vix
765 1230 880 1276 ulla
915 1246 1156 1277 concessa
1180 1231 1333 1294 qvieS.
1386 1229 1566 1276 Karus
1586 1243 1803 1290 surgens
1829 1245 1854 1274 e
1864 1228 2079 1290 foribus
2096 1229 2393 1292 prospexit,

221 1316 271 1366 δε
296 1321 462 1366 locum
491 1317 747 1379 veneficiis
774 1319 1022 1379 infectum
1054 1320 1342 1383 ingressus,
1378 1325 1615 1364 mortuus
1642 1317 1788 1363 liumi
1810 1316 2109 1380 procubuit.
2180 1318 2393 1364 Hrutus

217 1405 335 1456 ⁸cum
356 1393 585 1470 familia¹
612 1408 792 1471 prima
820 1411 931 1455 luce
955 1426 981 1455 e
1004 1424 1181 1455 somno
1207 1408 1489 1466 excitatus,
1530 1406 1710 1468 fllium
1738 1405 1914 1453 abesse
1948 1406 2226 1470 comperit,
2281 1413 2391 1451 tum

222 1498 315 1545 ille
344 1497 492 1545 haud
523 1499 719 1559 procul
748 1514 782 1544 a
804 1495 1019 1558 foribus
1049 1505 1284 1543 mortuus
1320 1503 1571 1560 repertus.
1658 1495 1986 1543 Gravissimo
2028 1496 2148 1543 inde
2180 1496 2391 1543 Hrutus

221 1585 443 1650 affectus
475 1586 677 1644 dolore,
731 1587 939 1633 Karum
972 1586 1172 1632 tumulo
1209 1585 1457 1631 condidit.
1536 1585 1743 1633 Deinde
1772 1585 1847 1629 ad
1879 1585 2098 1631 Olavum
2121 1584 2390 1646 H‘o‘skuldi

206 1675 387 1738 filium
408 1690 532 1737 eqvo
562 1682 762 1733 vectus,
815 1675 1007 1737 illiqve,
1046 1689 1159 1737 qvoe
1173 1673 1330 1734 facta
1361 1680 1545 1731 essent,
1579 1672 1903 1719 memoravit.
1937 1672 2031 1719 Ad
2051 1672 2163 1718 lzaec
2193 1675 2389 1720 Olavus

221 1765 308 1813 ira
339 1762 701 1826 effervescere,
731 1763 975 1826 valdeqve
1011 1763 1231 1809 stultum
1250 1762 1525 1824 judicare,
1572 1763 1702 1825 qvod
1726 1768 1836 1809 tam
1867 1760 2130 1824 improbos
2158 1760 2390 1807 homines

219 1853 301 1902 uti
319 1861 452 1902 esset
471 1852 815 1899 Kotkelliana
837 1869 965 1919 gens
993 1851 1093 1899 sibi
1129 1859 1241 1898 tam
1263 1852 1591 1915 propinqvos
1608 1851 1852 1916 perpessi
1874 1850 2005 1908 sint,
2058 1849 2388 1897 leorleikum

221 1944 278 1991 in
312 1942 534 2005 negotiis
568 1957 680 1987 cum
710 1936 890 1987 Hruto
920 1942 1121 1987 malam
1160 1939 1258 1987 sibi
1290 1941 1592 2003 portionem
1624 1941 1946 1999 vindicasse,
2011 1941 2183 2003 majus
2215 1947 2389 1985 tamen

222 2047 375 2097 qvam
395 2031 485 2077 ille
507 2030 813 2076 intendisset
835 2032 1083 2076 damnum
1106 2029 1347 2084 illatum,
1362 2027 1636 2074 arbitrari.
1661 2029 2166 2076 OlavusKotkellum
2189 2028 2388 2091 ejus-qve

73 2140 83 2153 ·
155 2103 162 2109 '
221 2135 432 2168 uxorem
458 2126 611 2181 atqve
621 2117 773 2178 filios
796 2120 978 2165 statim
1010 2117 1352 2164 trucidandos
1362 2115 1658 2180 judicavit,
1694 2124 1868 2165 tamen
1891 2117 2075 2181 idjam
2101 2125 2208 2163 tum
2232 2115 2388 2163 nimis

221 2202 337 2257 sero
337 2208 462 2271 fieri
476 2206 890 2271 conqverebatur.
925 2203 1402 2254 Olavus&Hrutus
1420 2221 1534 2251 cum
1548 2207 1663 2254 XV
1667 2205 1962 2252 hominibus
1974 2197 2219 2268 profecti.
2246 2204 2385 2251 Kot-

221 2280 455 2346 kellia⁶na
476 2313 605 2359 gens
634 2297 809 2342 autem
846 2311 958 2342 cum
989 2295 1224 2341 homines
1254 2294 1329 2339 ad
1350 2310 1501 2341 suam
1532 2294 1719 2342 villam
1747 2295 1981 2363 eqvitare
2017 2293 2387 2357 conspicerent,

221 2389 278 2434 in
310 2395 532 2433 montem
564 2385 901 2447 aufugerunt.
986 2383 1069 2430 Ibi
1097 2381 1451 2446 Hallbj'ornus
1486 2383 1925 2448 Slikisteinsauga
1959 2393 2173 2447 captus,
2223 2389 2386 2444 caput

221 2477 365 2524 culeo
406 2475 646 2537 illatum,
715 2474 990 2536 statimqve
1027 2471 1260 2519 homines
1290 2473 1365 2518 ad
1401 2472 1795 2519 custodiendum
1833 2473 2007 2532 electi,
2079 2473 2178 2518 alii
2210 2479 2386 2517 autem

218 2565 518 2627 Kotkellum
540 2570 695 2627 atqve
720 2563 959 2609 Grimam
986 2562 1040 2608 in
1067 2561 1346 2624 superiora
1373 2562 1630 2608 montium
1646 2563 1927 2623 persecuti.
1995 2561 2271 2611 Kotkellus
2294 2567 2387 2605 at·-

220 2671 313 2719 qve
329 2654 515 2701 Grima
541 2653 596 2698 in
621 2652 760 2711 colli,
785 2651 866 2715 qvi
885 2630 1271 2698 Haukadalum
1293 2665 1357 2696 ac
1369 2651 1742 2697 Laxardalum
1765 2651 2053 2716 interjacet,
2081 2650 2243 2714 capti,
2281 2647 2385 2694 ibi-
2443 2714 2445 2716 .

219 2760 312 2809 qve
333 2742 603 2806 lapidibus
630 2741 802 2788 obruti
826 2756 978 2805 usq-ve
1008 2741 1131 2787 dum
1154 2747 1492 2795 morerentur,
1524 2739 1685 2786 etiam
1716 2743 2108 2804 supet-ingestus
2145 2738 2387 2801 lapidum

221 2832 470 2891 cumulus,
487 2833 632 2893 cujus
646 2831 819 2878 adhuc
840 2830 1062 2892 vestigia
1077 2836 1347 2876 remanent
1355 2844 1373 2890 5
1393 2844 1516 2875 nam
1531 2829 1925 2878 Skrattavarda
1937 2829 2105 2892 (Meta
2117 2824 2388 2887 doemonis)

223 2922 334 2974 Ioco
364 2936 559 2968 nomen.
631 2920 921 2983 Stigandus
946 2935 1124 2967 versus
1151 2918 1419 2965 meridiem
1445 2918 1500 2963 in
1520 2919 1906 2966 Haukadalum
1936 2919 2150 2981 aufugit
2174 2916 2334 2979 ibiqve
2361 2930 2387 2959 e

225 3017 499 3071 conspectu
524 3008 763 3056 sublatus
785 3018 874 3055 est.
943 3009 1150 3055 Deinde
1171 3009 1383 3054 Hrutus
1423 3022 1536 3054 cum
1555 3006 2102 3070 filiis'Hallbjo'rnum
2138 3007 2210 3053 ad
2241 3019 2387 3051 mare

220 3100 540 3161 perduxere,
597 3100 911 3162 deductaqve
946 3099 1073 3146 navi
1097 3116 1122 3145 e
1155 3106 1298 3145 terra
1330 3095 1662 3159 remigabant
1674 3112 1687 3159 3
1726 3097 2132 3144 culcumdeinde
2154 3112 2187 3142 a
2214 3093 2388 3157 capite
