2956 3854
1281 244 1362 300 37

245 419 476 466 humana
503 416 692 461 audita
721 429 841 475 vox3
867 413 1008 473 jam,
1031 426 1087 457 eo
1112 409 1370 472 pergebat
1399 425 1493 472 qvo
1530 408 1844 455 declinantis
1883 410 2025 472 agri.
2047 409 2224 470 infima
2263 413 2406 460 rivus

242 503 577 564 allambebat,
613 504 778 567 ibiqve
809 503 910 548 duo
943 499 1176 546 homines
1202 497 1494 560 conspexit,
1548 505 1701 558 atqve
1737 499 1954 559 agnovit
1988 499 2211 545 Olavum
2227 500 2407 561 filium

241 594 487 656 illiusqve
519 601 752 639 matrem.
851 590 978 636 Tum
1019 589 1219 651 qvidem
1253 585 1504 647 comperit
1547 602 1661 631 eam
1711 602 1814 631 non
1853 603 1957 632 esse
1989 596 2211 646 mutam,
2266 589 2407 634 mul-

244 672 352 729 tum
384 682 519 731 enim
548 696 661 726 cum
685 693 856 740 puero
895 676 1220 739 loqvebatur.
1305 674 1432 720 Tum
1454 674 1762 720 Hoskuldus
1792 690 1876 719 eos
1909 675 2185 732 convenit,
2224 676 2407 723 illam-

241 773 333 834 qv'e
355 769 565 831 rogavit
587 778 769 813 nomen
789 766 1018 832 dixitqve
1043 766 1127 811 illi
1151 780 1255 810 non
1296 762 1529 824 amplius
1552 763 1900 824 profuturam
1921 763 2406 812 dissimulationem.

239 857 349 904 Illa
382 873 434 902 se
458 857 577 919 jam
610 855 933 901 elocuturam
965 853 1265 916 affirmavit.
1360 850 1444 896 Sic
1479 851 1533 896 in
1566 852 1759 897 clivulo
1805 852 2159 897 consederunt.
2268 855 2409 900 Tunc

241 929 367 991 illa:
394 925 460 989 si
488 929 706 1001 nomen,
760 932 975 1005 inqvit,'
999 959 1165 988 meum
1196 940 1329 985 scire
1365 955 1547 985 curas.-
1613 939 1889 985 Melkorka
1928 955 2097 986 vocor.
2165 941 2408 987 Ho‘skul-

241 1029 511 1080 dus'illam
522 1032 654 1093 plus
682 1033 743 1077 de
758 1047 945 1093 genere
966 1045 1226 1076 enarrare
1250 1028 1475 1090 rogavit.
1547 1028 1657 1073 Illa
1683 1043 1828 1075 vero:
1882 1027 2255 1089 Myrkjartan,
2318 1029 2406 1074 in-

184 1117 190 1123 ’
240 1123 387 1186 qvit,
425 1128 502 1166 est
521 1135 708 1164 'nomen
720 1119 900 1181 patri,
948 1134 1165 1180 regnum
1195 1117 1492 1174 Hibernia,
1536 1133 1628 1179 ego
1662 1117 1779 1164 XV
1807 1132 1975 1162 annos
2011 1124 2143 1161 nata
2188 1119 2404 1178 captiva

241 1209 443 1255 ablata.
526 1209 833 1254 Ho'skuldus
870 1208 1026 1253 nimis
1064 1208 1156 1252 diu
1180 1207 1572 1253 dissimulatam
1604 1214 1813 1251 tantam
1840 1204 2170 1251 nobilitatem
2198 1208 2405 1267 generis

240 1296 656 1361 conqverebatur.
729 1296 1036 1342 Il'oskuldus
1073 1304 1247 1340 autem
1280 1297 1486 1340 domum
1510 1310 1800 1356 regressus,
1837 1294 1961 1356 qvid
1990 1310 2137 1340 novae
2157 1295 2234 1338 rei
2259 1297 2405 1341 acci-

241 1386 662 1434 dissetJorunnae
683 1385 878 1451 retulit.
929 1384 1169 1430 'Jorunna
1194 1400 1326 1442 vero,
1360 1392 1558 1447 qvanta
1583 1383 1666 1428 liis
1672 1381 1826 1443 fides,
1860 1398 2050 1444 negare
2072 1400 2124 1428 se
2144 1384 2289 1441 scire,
2314 1401 2404 1431 nec

241 1476 506 1522 hominum
559 1473 922 1518 abstrusorum
985 1471 1083 1517 sibi
1148 1473 1370 1517 multam
1427 1488 1535 1517 esse
1588 1487 1770 1516 curam
1829 1472 2132 1516 contendere
2141 1484 2172 1530 5·
2253 1482 2406 1536 atqve

243 1566 321 1610 ita
336 1563 553 1626 finitum
579 1562 717 1607 illud
747 1561 1070 1622 colloqvium.
1163 1561 1268 1606 Nec
1284 1560 1656 1619 fuitJorunna
1686 1559 1944 1604 meretrici
1961 1567 2150 1620 postea
2189 1562 2410 1608 amicior

242 1643 394 1718 qvam
405 1655 591 1708 antea‘5
616 1640 891 1694 Ho‘skuldo
910 1629 1085 1694 autem
1094 1648 1429 1709 freqventius
1452 1662 1565 1691 cum
1593 1647 1691 1691 illa
1707 1646 2030 1708 colloqvium.
2104 1647 2266 1693 Brevi
2280 1659 2409 1710 post

215 1757 357 1801 ,cum
385 1740 625 1786 Jorunna
661 1727 888 1783 cubitum
922 1739 1046 1794 iret,
1093 1736 1371 1798 .Melkorka
1403 1735 1487 1780 illi
1525 1735 1832 1781 vestimenta
1863 1734 2097 1792 detraxit
2120 1732 2169 1781 ὃς
2195 1737 2405 1786 calcea-

162 1852 166 1855 ·
242 1837 416 1877 menta
453 1828 653 1891 qvidem
697 1827 751 1872 in
782 1827 1147 1888 pavimentum
1187 1825 1421 1882 demisit,
1485 1831 1594 1869 tum
1619 1808 1860 1869 Jorunna
1902 1823 2115 1870 tibialia
2157 1826 2406 1884 sumebat,
2455 1859 2460 1865 -

243 1921 411 1982 eisqve
442 1916 526 1962 illi
547 1924 710 1982 caput
732 1915 1037 1962 verberavit.
1108 1913 1381 1960 Melkorka
1409 1928 1527 1958 vero
1560 1912 1703 1957 irata
1736 1928 1924 1958 nasum
1957 1914 2209 1960 Jorunnoe
2228 1932 2406 1978 pugno

235 1995 427 2070 ferivit
457 1987 588 2051 adeo
624 2013 682 2049 ut
711 2005 925 2065 sangvis
955 2003 1260 2064 proflueret.
1366 1994 1668 2045 Adveniens
1701 2007 1810 2044 tum
1836 2001 2146 2046 H'o'skuldus
2182 2004 2406 2050 interce-

248 2095 416 2142 debat.
488 2096 679 2139 Postea
701 2091 1006 2136 Ho'skuldus
1031 2089 1359 2134 Melkorkam
1396 2087 1666 2149 ablegavit
1697 2095 1851 2149 atqve
1889 2089 2032 2135 dedit
2067 2089 2149 2134 illi
2186 2080 2406 2139 liabita-

249 2186 421 2232 culum
459 2183 513 2226 in
560 2178 893 2226 interioribus
922 2176 1242 2222 Laxardali.
1331 2176 1472 2221 Loco
1505 2175 1688 2221 deinde
1718 2176 2171 2223 Melkorkustadir
2210 2196 2406 2242 nomen,

249 2277 480 2321 desertus
495 2271 613 2330 jam
647 2268 691 2311 is
745 2268 886 2311 locus
930 2273 1006 2310 est
1038 2261 1088 2309 δε
1123 2279 1156 2319 a
1177 2263 1519 2308 meridionali
1548 2271 1710 2331 parte
1734 2264 1906 2308 amnis
1928 2265 2086 2311 Laxa'
2105 2267 2250 2313 situs.
2326 2272 2408 2317 Ibi

248 2358 523 2411 M'elkorka
545 2352 907 2401 habitaculum
922 2352 1230 2410 construxit,
1266 2351 1542 2398 Ho'skuldo
1575 2352 1750 2398 omnia
1774 2351 2044 2412 tribuente,
2080 2372 2191 2418 qvae
2213 2360 2287 2404 ad
2309 2362 2408 2406 do-

249 2449 515 2497 mesticam
546 2461 650 2490 rem
692 2443 987 2489 necessaria
1019 2447 1200 2487 essent.
1300 2441 1475 2486 Filius
1516 2440 1729 2485 illorum
1772 2441 1969 2488 Olavus
2006 2443 2158 2490 illam
2205 2458 2407 2496 secutus

252 2549 343 2588 est.
415 2537 532 2583 Hoc
565 2534 619 2579 in
653 2533 819 2578 Olavo
838 2533 958 2594 jam
997 2530 1322 2576 adolescente
1359 2530 1462 2575 cito
1495 2529 1832 2589 manifestum
1857 2547 1964 2576 sese
1995 2534 2251 2590 reddidit,
2297 2554 2408 2584 eum

251 2629 377 2676 aliis
413 2621 704 2687 hominibus
740 2620 1171 2684 praestantiorem
1212 2615 1261 2665 8<
1301 2617 1360 2665 ob
1400 2627 1723 2668 venustatem
1767 2616 1816 2667 ὃς
1857 2619 1916 2667 ob
1954 2637 2154 2669 morum
2195 2625 2409 2688 elegan-

194 2782 197 2790 .
254 2719 398 2779 tiam,
421 2715 553 2776 fore.

1130 2846 1303 2918 CAP.
1355 2843 1528 2906 xlv,

519 2957 804 3044 Ingjaldus
844 2985 961 3026 erat
999 2996 1182 3026 nomen
1222 2980 1362 3037 viro,
1431 2978 1521 3023 ille
1556 2973 1818 3040 ‚Saudeyis
1859 2974 2082 3035 (Insulis
2118 2983 2308 3038 ovium)
2359 2986 2412 3032 in

255 3072 629 3131 Breidafi'o'rdo
677 3069 821 3132 (Sino
870 3069 1006 3129 lato)
1039 3065 1318 3114 habitavit.
1418 3064 1819 3128 Saudeyargodi
1857 3069 2126 3129 (Pontifex
2171 3072 2412 3137 Saudey-

254 3160 411 3226 ensis)
451 3161 534 3207 illi
560 3158 679 3218 fuit
720 3167 1136 3220 cognomentum5
1195 3159 1274 3221 vir
1317 3156 1458 3203 dives
1509 3163 1662 3221 atqve
1710 3156 1931 3203 multum
1956 3159 2195 3221 pollens,-
2230 3162 2413 3221 frater
