2956 3854
1309 221 1433 275 ηε
1506 302 1509 304 ‚

292 396 494 447 Olavus
512 411 539 442 e
553 403 736 443 somno
762 374 1072 448 excitatus,
1095 386 1333 441 mulieris
1364 385 1542 432 adhuc
1564 387 1768 439 vultum
1800 404 1853 434 se
1885 388 2183 453 conspicere
2204 388 2459 437 credebat.

284 488 496 550 Magna
523 484 691 533 Olavo
717 483 872 547 hujus
891 479 1080 530 somnii
1102 494 1231 526 cura
1241 511 1259 535 ,
1294 475 1481 525 amicis
1513 475 1652 545 illud
1671 479 2007 539 memoravit,
2054 495 2145 526 nec
2182 479 2341 526 talem
2373 480 2464 526 ul·-

288 579 373 625 lus
425 575 568 622 illius
611 571 1046 650 significationem
1100 547 1407 626 divinabat,
1481 582 1627 634 qvoe
1646 565 1783 629 ipsi
1797 567 2054 649 placeret.
2153 569 2250 616 Illi
2289 577 2463 617 tamen

292 667 461 714 Olavo
495 664 689 727 optime
721 631 873 725 loqvi
896 647 1026 720 visi,
1071 658 1158 723 qvi
1191 643 1587 718 contenderent,
1615 645 1832 721 salsam
1858 657 2046 704 somnii
2077 658 2355 722 imaginem
2376 659 2461 706 illi

286 767 652 818 apparat-383·-

1122 875 1297 943 CAP.
1348 884 1616 942 XXXII.
1654 957 1658 959 .

559 999 793 1081 Osvifus
818 1026 936 1066 erat
955 1003 1136 1066 nomen
1158 1016 1296 1071 viro,
1333 1016 1418 1062 illi
1436 1015 1664 1078 Helgius
1677 1023 1863 1077 pater,
1898 1014 2021 1061 lzuic
2035 1023 2196 1077 pater
2223 1018 2461 1076 Ottarus,

278 1111 409 1170 ,huic
437 1111 637 1176 Bj‘o'rno
665 1108 1010 1165 Austraenus,
1049 1105 1172 1152 huic
1203 1105 1436 1152 Ketillus
1454 1104 1741 1166 Flatnefus
1770 1105 2057 1167 Bjo'rnonis
2087 1106 2259 1153 Bunae
2287 1104 2457 1166 filius.

283 1201 452 1263 ‘Osvifi
473 1209 644 1247 mater
662 1206 780 1247 erat
798 1195 1119 1258 fllidbjorga,
1140 1195 1285 1257 cujus
1304 1203 1475 1241 mater
1497 1203 1615 1240 erat
1630 1193 2003 1256 Kadlinafilia
2018 1193 2461 1258 Gaungu-Hrolsi

278 1290 482 1358 (Hrolfi
504 1285 835 1351 Gradientis)
871 1286 1068 1337 Oxna-
1089 1284 1327 1330 leoriris
1339 1282 1468 1345 filii.
1538 1284 1648 1330 Hic
1676 1293 1794 1330 erat
1819 1284 2051 1331 illustris
2073 1286 2128 1332 in
2155 1284 2290 1332 Vica
2309 1284 2460 1331 Her-

282 1397 457 1442 seru-35
493 1380 590 1427 hoc
610 1394 731 1425 vero
752 1390 1030 1439 cognomen
1057 1376 1338 1435 acceperat
1363 1373 1485 1435 qvia
1511 1373 1597 1418 illi
1618 1374 1715 1419 III
1735 1381 1890 1419 erant
1914 1374 2103 1419 insulae
2126 1382 2177 1419 et
2206 1374 2259 1419 in
2281 1374 2459 1436 qvali-

282 1470 365 1518 bet
398 1470 577 1516 insula
614 1468 830 1514 LXXX
862 1464 1021 1510 tauri.
1121 1465 1291 1509 Unam
1318 1461 1513 1507 harum
1542 1462 1839 1508 insularum
1876 1471 2030 1526 atqve
2066 1460 2226 1508 simul
2259 1470 2459 1521 tauro-9,

283 1557 369 1621 qvi
401 1557 486 1603 illi
513 1555 739 1613 inerant,
792 1554 902 1615 regi
921 1552 1136 1601 Haconi
1162 1552 1298 1596 dono
1319 1550 1490 1610 dedit;
1525 1568 1722 1613 magna
1746 1551 1894 1597 illius
1916 1552 2227 1611 donifamass
2302 1552 2459 1598 03νί-

268 1646 371 1708 fus
405 1651 524 1691 erat
564 1643 649 1690 vir
683 1643 966 1688 admodum
998 1641 1227 1702 sapiens.
1304 1638 1406 1684 Ille
1438 1639 1644 1702 Laugis
1679 1637 1755 1701 (in
1780 1640 1912 1686 villa
1945 1641 1991 1685 T
1986 1640 2178 1688 lzermae
2208 1639 2374 1701 dicta)
2402 1641 2456 1686 in

280 1732 636 1796 Saelingsdalo
666 1729 906 1777 habebat.
982 1729 1134 1777 Villa
1153 1729 1359 1790 Laugae
1381 1728 1456 1772 ad
1475 1728 1874 1774 meridionalem
1895 1729 2072 1791 ripam
2080 1728 2327 1792 fluminis
2342 1730 2457 1776 Soe-

284 1822 586 1887 lingsdalsa
610 1821 926 1870 exadversus
955 1817 1191 1881 Tangam
1216 1817 1322 1869 sita
1349 1825 1439 1863 est.
1522 1819 1664 1865 Uxor
1684 1826 1807 1866 erat.
1830 1819 2012 1879 Osvifo
2034 1819 2310 1877 leordisa,
2329 1819 2457 1881 filia

291 1910 550 1975 lejodolft
571 1911 713 1972 Lagi
737 1906 1075 1974 (improceri).
1147 1907 1281 1954 Filii
1305 1907 1415 1952 illis
1435 1902 1616 1955 erant:
1644 1909 1856 1970 primus
1890 1910 2157 1971 Ospakus,
2202 1911 2458 1955 secundus

284 2001 540 2064 Helgius,
578 1978 765 2047 tertius
794 2001 851 2048 V
845 1998 1122 2044 andradus
1133 2029 1153 2062 ,Δ
1185 2004 1405 2059 qvartus
1425 1997 1709 2054 Torradus,
1747 1998 1955 2059 qvintus
1976 1998 2273 2058 leorolfus,
2308 2015 2458 2045 mar-

287 2091 446 2138 tiales
470 2105 642 2135 omnes
664 2088 783 2136 viri.
883 2087 1144 2133 Gudruna
1168 2078 1286 2130 erat
1308 2084 1557 2145 illisfllia
1572 2086 2030 2148 proestantissima
2056 2087 2245 2133 mulier
2271 2097 2380 2134 tum
2402 2089 2458 2135 in

287 2178 537 2228 Islandia
561 2176 995 2234 adolescentium,
1048 2182 1157 2220 tam
1180 2172 1240 2219 ob
1252 2173 1492 2234 formam
1515 2189 1669 2236 qvam
1692 2174 1750 2220 ob
1764 2159 2123 2238 prudentiam.
2198 2177 2458 2225 Gudruna

287 2276 407 2316 erat
433 2267 622 2314 mulier
653 2266 936 2313 admodum
965 2262 1173 2309 urbana
1215 2263 1347 2308 adeo
1380 2269 1440 2307 ut
1479 2278 1536 2307 eo
1575 2269 1805 2326 tempore
1837 2273 2146 2312 caeterarum
2180 2267 2459 2314 mulierum

280 2356 512 2406 ‘mundus
525 2369 632 2418 pro
657 2351 999 2415 infantilibus
1019 2350 1323 2414 crepundiis
1346 2350 1759 2414 existimaretur,
1796 2370 1911 2402 cum
1934 2355 2081 2400 illius
2101 2358 2293 2402 mundo
2318 2374 2460 2404 com-

284 2454 520 2512 paratus
532 2461 553 2507 5,
617 2443 971 2491 callidissima
1003 2450 1122 2489 erat
1150 2441 1249 2487 illa
1283 2441 1500 2501 mulier,
1547 2458 1714 2489 sermo
1744 2452 1862 2490 erat
1887 2444 2122 2507 elegans,
2169 2463 2462 2511 magnaque

289 2533 662 2595 munificentia
694 2533 882 2601 inerat.
954 2533 1094 2581 Erat
1126 2532 1277 2594 apud
1311 2530 1549 2591 Osvifum
1585 2532 1639 2582 in
1671 2532 1902 2596 hospitio
1933 2534 2123 2581 mulier
2167 2537 2213 2582 T
2208 2537 2462 2590 horlzalla

291 2625 525 2687 nomine,
568 2623 868 2686 cognomine
884 2622 1078 2685 Malga
1103 2618 1362 2686 (Loqvax)
1388 2620 1487 2665 illa
1507 2630 1625 2670 erat
1645 2623 1826 2685 Osvzfo
1845 2623 2178 2687 aliquantum
2202 2643 2465 2690 consang-

292 2715 461 2763 vinea.
493 2714 617 2761 Duo
641 2713 726 2759 illi
745 2712 1044 2772 erantfilii‚
1064 2713 1204 2758 alter
1222 2711 1416 2767 OclduS,
1437 2711 1577 2756 alter
1602 2727 1721 2759 vero
1740 2712 1947 2758 »Steinus
1971 2715 2192 2773 nomine,
2206 2717 2290 2760 illi
2312 2725 2466 2763 erant

293 2804 397 2851 viri
439 2802 642 2850 strenui
685 2783 1004 2865 maximeqve
1056 2801 1227 2863 Osvifi
1253 2800 1592 2862 familiarem
1637 2817 1743 2847 rem
1772 2788 2167 2864 *suffulciebanu
2270 2805 2316 2851 T
2312 2822 2465 2869 ungoe

294 2893 378 2941 vir
412 2892 694 2939 habitabat
731 2892 937 2940 nomine
963 2891 1318 2949 Thorarinus,
1361 2890 1547 2936 Thoris
1568 2890 1787 2954 Soelingi
1802 2892 1992 2952 silius,
2041 2892 2254 2939 colonus
2283 2898 2466 2959 magni

297 2982 665 3045 aestimandus;
717 2983 756 3030 Ἰ
759 2980 1046 3029 horarinus
1075 2990 1195 3027 erat
1220 2996 1427 3043 magnae
1446 2987 1671 3026 staturae
1697 2981 1804 3039 vir,
1853 2990 2008 3044 atqve
2016 2982 2187 3042 fortis
2195 2999 2214 3043 5
2252 2985 2465 3044 fundus

299 3070 383 3116 illi
403 3070 622 3131 fertilis,
659 3073 830 3120 minus
865 3079 1042 3138 autem
1072 3080 1195 3125 ¹erat
1228 3080 1467 3119 rutorum
1492 3085 1757 3123 caesorum.
1834 3071 2047 3131 Osvifus
2070 3087 2258 3136 agrum
2279 3074 2346 3120 ab
2370 3075 2464 3121 illo

302 3175 465 3207 emere
488 3160 748 3222 cupiebat,
770 3175 894 3207 nam
923 3161 1007 3206 illi
1033 3163 1214 3208 deerat
1252 3157 1379 3223 ager
1405 3160 1503 3207 etsi
1521 3161 1729 3221 pecoris
1753 3177 1947 3225 magna
1970 3171 2085 3208 erat
2110 3163 2279 3224 copia.
2349 3165 2469 3211 Hoc

2109 3256 2201 3312 Q2
