2956 3854
1298 243 1417 300 119

265 414 506 461 columna
531 410 728 459 lecticae
752 417 870 457 erat
890 423 1184 471 suspensus.
1270 407 1400 454 Tum
1431 407 1670 454 Thurida
1698 407 1948 472 virginem
1973 409 2171 457 Groam
2202 410 2256 458 in
2284 412 2439 461 lecti...

262 510 378 550 cam
400 502 660 565 deposuit,
698 498 938 562 arripuit
957 504 1133 543 autem
1151 495 1565 543 Pedimorsorem
1592 513 1852 560 secumqve
1874 498 2113 559 abstulit,
2157 501 2436 567 relictaqve

260 592 481 651 naviad
504 607 623 638 suos
645 588 817 636 rediit.
887 585 1008 633 Jam
1019 585 1157 648 flere
1179 585 1351 648 virgo,
1388 602 1444 632 eo
1470 586 1822 633 Geirmundns
1843 605 1869 635 e
1892 604 2071 634 somno
2097 590 2320 637 excitari
2342 600 2435 638 at-

259 699 349 746 qve
370 695 603 743 surgere,
635 675 840 739 ‘tumqve
858 673 1118 734 infantem
1145 690 1448 737 agnoscere,
1497 671 1547 721 8<
1571 691 1662 738 qvo
1680 683 1846 737 pacto
1869 676 1965 722 hoc
1988 678 2264 725 accidisset
2288 696 2432 727 com-

256 768 489 827 minisci5
551 766 680 814 Tum
700 778 917 827 surgens
933 762 1269 826 gladiumqve
1294 764 1536 826 arripere
1559 765 1800 827 cogitans
1822 766 2040 812 eundem
2071 783 2174 814 non
2197 767 2431 831 reperie-

256 857 373 917 bat,
417 857 548 920 qvod
579 855 728 901 haud
763 869 890 899 sane
924 853 1115 899 mirum
1135 852 1268 919 fuit.
1361 853 1489 900 Tum
1518 855 1593 900 ad
1617 855 1767 902 navis
1792 855 2084 918 marginem
2115 873 2430 920 progressus

200 984 208 1001 χ
255 946 380 993 illos
404 962 439 991 a
463 945 587 992 navi
615 943 931 1006 remigantes
953 941 1237 1004 conspexit.
1314 942 1667 988 Geirmundus
1688 942 1855 988 socios
1878 944 2107 991 advocat
2127 961 2338 1007 rogans,
2373 953 2433 991 ut

258 1034 477 1082 lemBum
500 1032 851 1080 conscendant-
868 1046 1046 1093 eosqve
1058 1039 1458 1092 perseqvantur.
1494 1031 1591 1077 Illi
1611 1031 1751 1076 dicto
1768 1047 2015 1093 paruere.
2073 1033 2268 1079 Verum
2294 1033 2433 1080 brevi

256 1122 643 1188 comperiebant
656 1114 882 1167 'multam
905 1134 1093 1182 aqvam
1117 1134 1220 1183 per
1249 1118 1468 1165 lembum
1497 1119 1738 1178 immitti,
1793 1120 2000 1183 ideoqve
2022 1120 2428 1168 revertebantur.

260 1214 404 1263 Tunc
429 1211 781 1275 Geirmundus
811 1208 1102 1256 leuridam
1125 1209 1462 1271 compellavit
1488 1224 1710 1271 rogans,
1748 1216 1807 1254 ut
1832 1210 1906 1255 ad
1941 1226 1994 1255 se
2033 1193 2254 1268 rediret,
2297 1210 2428 1272 gla-

251 1301 485 1366 diumqve
507 1298 923 1356 Pedimorsorem
947 1296 1047 1343 sibi
1074 1298 1322 1344 traderet.
1373 1298 1569 1346 Verum
1594 1306 1667 1356 tu,
1689 1298 1868 1362 inqvit,
1892 1306 2037 1345 tuam
2067 1299 2240 1361 recipe
2258 1298 2428 1362 virgi-

252 1407 382 1448 nem,
406 1398 458 1437 et
477 1406 590 1436 cum
615 1389 713 1434 illa
736 1388 859 1434 hinc
888 1394 1096 1432 tantam
1118 1387 1338 1447 auferas
1354 1387 1655 1450 pecuniam,
1686 1396 1881 1450 qvan-ta
1913 1389 2009 1433 tibi
2024 1389 2222 1451 placet.
2281 1388 2327 1434 T
2322 1387 2427 1433 hu-

252 1481 375 1528 rida
402 1476 697 1541 respondit:
729 1491 853 1522 num
878 1473 973 1520 tibi
1001 1475 1076 1520 sic
1100 1476 1285 1521 melius
1300 1492 1449 1539 qvam
1464 1477 1510 1522 si
1529 1477 1748 1539 gladius
1771 1493 1875 1523 non
1889 1474 2229 1524 redderetur?
2266 1476 2428 1524 Geir-

249 1569 475 1616 mundus
496 1564 871 1630 respondebat:
902 1565 1125 1610 multum
1141 1565 1385 1625 pecuniae
1403 1581 1530 1611 sane
1539 1565 1694 1624 foret
1716 1565 2080 1624 amittendum,
2121 1565 2166 1610 si
2176 1565 2423 1627 gladium

249 1675 354 1706 non
375 1650 709 1718 recuperare,
754 1652 941 1724 melius
962 1653 1239 1699 videretur.
1299 1652 1393 1697 Cui
1413 1652 1702 1699 illa:-tunc
1725 1654 1897 1712 illum,
1936 1654 2123 1716 inqvit,
2162 1669 2426 1717 nunqvam

247 1746 475 1810 accipies
482 1763 501 1806 ,-
538 1745 708 1790 multa
736 1742 871 1789 enim
891 1757 1093 1804 parum
1117 1741 1329 1787 honeste
1350 1757 1477 1803 erga
1501 1758 1595 1787 nos
1610 1742 1799 1804 egisti,
1834 1743 2044 1806 jamqve
2067 1751 2302 1789 nostrum
2329 1759 2426 1789 ra·-

247 1844 359 1886 tum
390 1835 490 1882 erit
526 1833 820 1882 divortium.
898 1832 1040 1877 Tunc
1075 1831 1455 1877 Geirmundus:
1492 1831 1839 1891 nullam‘tibi,
1878 1832 2058 1896 inqvit,
2088 1833 2173 1878 liic
2204 1833 2424 1895 gladius

246 1925 472 1972 salutem
489 1922 691 1987 afferet.
729 1921 841 1967 Illa
865 1921 961 1966 lioc
986 1937 1039 1965 se
1054 1920 1364 1982 periclitari
1383 1921 1514 1967 velle
1539 1920 1837 1981 affirmavit.
1879 1921 2234 1968 Geirmundus
2262 1922 2424 1966 dixit:

249 2022 374 2060 tunc
408 2013 546 2058 illud
565 2027 730 2058 meum
759 2010 861 2055 erit
893 2017 1095 2064 votum,
1140 2016 1198 2053 ut
1226 2008 1312 2053 liic
1336 2009 1474 2053 ensis
1501 2009 1652 2054 illum
1683 1992 1870 2054 vestrae
1901 2010 2087 2071 stirpis
2120 2010 2290 2056 virum
2329 2008 2423 2054 ob—

249 2109 481 2160 truncet,
531 2101 676 2163 cujus
708 2098 885 2143 clades
910 2096 1233 2163 gravissima
1265 2097 1358 2151 sit,
1403 2098 1718 2159 maximeqve
1738 2097 1958 2157 fatalis.
2014 2076 2274 2144 'leurida
2312 2106 2422 2144 tum

245 2179 726 2258 Hiardarholtum,
771 2187 977 2232 domum
1003 2186 1185 2244 rediit,
1224 2193 1331 2230 tum
1352 2201 1534 2247 qvoqve
1560 2187 1755 2233 Olavus
1793 2187 2001 2232 domum
2031 2187 2279 2243 redierat,
2306 2204 2422 2250 pa-

248 2296 366 2329 rum
397 2279 545 2325 illius
563 2285 716 2341 gesta
743 2276 989 2321 laudanS.
1065 2275 1260 2320 Verum
1297 2282 1472 2320 tamen
1504 2275 1674 2337 qvieta
1711 2275 1902 2321 omnia.
1982 2276 2028 2323 T
2024 2276 2219 2322 hurida
2241 2276 2422 2324 Bollio

245 2367 552 2418 consobrino
583 2382 676 2412 suo
707 2379 873 2410 ensem
892 2362 1305 2429 pedimorsorem
1331 2364 1547 2410 donavit
1559 2381 1579 2424 ,-
1627 2365 1778 2410 'illum
1802 2365 1938 2410 enim
1967 2365 2116 2411 haud
2138 2367 2310 2412 minus
2334 2366 2421 2412 di·-

249 2457 447 2522 ligebat
466 2472 616 2521 qvam
624 2454 852 2521 fratres.
899 2452 1112 2499 Bollius
1131 2467 1230 2513 per
1248 2453 1419 2497 multa
1443 2453 1629 2499 deinde
1655 2462 1892 2516 tempora
1907 2455 2152 2517 gladium
2173 2456 2310 2502 hunc
2325 2474 2424 2520 ge-

178 2598 193 2603 (⁷
249 2545 444 2594 stabat.
514 2545 757 2592 Posthoec
781 2542 1133 2589 Geirmundus
1164 2549 1371 2587 ventum
1400 2544 1680 2589 secundum
1707 2553 1901 2590 ⁴nactus
1931 2545 2050 2590 vela
2077 2546 2222 2591 dedit
2253 2547 2306 2592 in
2331 2547 2422 2592 al—

250 2644 361 2683 tum
385 2643 436 2682 et
458 2643 711 2682 autumno
735 2634 810 2679 ad
834 2630 1161 2692 Norvagiam
1192 2631 1464 2693 appulere.
1521 2630 1720 2694 Aliqva
1759 2640 1905 2679 no‘cle
1934 2650 2109 2699 prope
2142 2636 2332 2680 Stados
2367 2636 2422 2679 in

247 2733 417 2789 syrtes
443 2727 652 2772 delatus
678 2723 1029 2770 Geirmundus
1055 2721 1257 2768 interiit
1280 2737 1393 2767 cum
1422 2719 1674 2778 omnibus,
1705 2738 1813 2785 qvoe
1833 2723 1956 2769 navi
1987 2723 2224 2770 inessent.
2268 2724 2423 2768 Jam-

249 2829 337 2878 qve
357 2813 665 2863 Geirmundi
694 2813 936 2860 historice
946 2810 1091 2873 finis.

1094 2950 1268 3007 CAP.
1322 2942 1561 3004 XXXI.

523 3058 738 3130 Olavus
762 3081 1028 3127 Hoskuldi
1047 3079 1194 3141 filius
1227 3079 1561 3126 domesticam
1592 3093 1698 3124 rem
1718 3079 1887 3124 mullo
1911 3095 2024 3125 cum
2047 3079 2242 3126 honore
2261 3095 2423 3126 cura-

215 3190 217 3197 ’
250 3170 366 3232 bat,
415 3171 495 3218 uti
525 3179 685 3218 antea
717 3170 913 3216 dictum
945 3178 1036 3216 est.
1131 3157 1477 3217 Gudmundus
1503 3176 1622 3214 erat
1661 3184 1844 3215 nomen
1873 3169 2002 3228 viro,
2035 3169 2126 3215 ille
2161 3178 2277 3216 erat
2302 3170 2422 3215 8ὃί-
