2956 3854
0 1111 4 1125 κ
0 1063 4 1088 «v
0 743 13 1040 ⁷<-.<-‹---v=-s,—z⁴‚
9 718 12 722 ,

1258 245 1385 304 327
1458 306 1460 309 f

223 415 276 468 ὃς
301 418 380 468 ita
403 415 606 483 qvidem
618 396 836 480 factum
848 425 940 465 est.
1011 415 1236 466 Ancilla
1263 418 1535 480 lacrymas
1549 433 1610 463 ex
1635 417 1801 464 oculis
1823 417 1879 465 in
1896 418 2164 482 pulvinar
2185 422 2412 486 defluere

222 509 510 574 conspexit.
584 510 912 572 Paullopost
931 526 1157 573 magnus
1178 508 1321 558 venti
1343 507 1548 555 sonitus
1577 510 1903 555 caenaculum
1905 513 2188 573 percussit.
2267 515 2411 562 {Iunc

223 601 362 650 dixit
392 601 431 649 Ἰ
434 582 759 649 horsteinus:
797 598 870 647 ibi
884 599 1006 663 jam
1037 598 1305 647 Thorkelli
1330 598 1545 663 cognati
1577 599 1963 661 interfectorem
1987 582 2211 661 fremere
2243 605 2409 651 audi-

225 708 356 741 mus.
424 691 548 739 Jam
577 691 641 738 de
671 689 940 737 Thorkelli
972 689 1160 738 itinere
1194 691 1618 751 memorandum:
1669 691 1761 738 ille
1796 708 1857 738 ea
1893 692 1977 739 die
2004 709 2118 740 cum
2145 694 2238 741 IX
2256 694 2410 741 sociis

221 779 504 832 navalibus
520 795 622 844 per
642 778 1071 841 Breidafi'ordum
1095 761 1384 844 navigavit.
1465 781 1595 829 Tum
1616 790 1802 830 ventus
1821 783 2053 846 primum
2076 792 2223 831 ortus
2247 781 2296 831 8<
2320 802 2411 834 ve·-

219 871 611 921 lzementissima
635 871 821 918 deinde
845 878 1156 934 tempestas,
1207 871 1293 918 illi
1327 879 1503 919 tamen
1524 873 1784 920 alacriter
1808 874 1864 928 in
1901 874 2089 921 itinere
2107 875 2411 938 perstitere,

219 952 377 1011 erant
403 962 539 1010 enim
557 962 663 1011 viri
680 962 907 1009 maxime
933 962 1151 1009 strenui.
1230 962 1540 1013 Thorkellus
1557 964 1805 1025 gladium
1819 964 2181 1028 Skbfnungum
2206 965 2410 1012 cistello

158 1056 167 1066 ‘
217 1055 485 1120 inclusum
513 1069 685 1100 secum
713 1052 916 1100 habui-t.
995 1053 1035 1099 Ἰ
1037 1052 1305 1099 horkellus
1327 1069 1443 1099 cum
1479 1052 1662 1110 sociis,
1706 1068 1862 1116 usqve
1894 1054 2019 1099 dum
2049 1056 2124 1100 ad
2136 1054 2413 1101 Biarnar-

210 1160 370 1209 *eyam
397 1144 729 1208 perveniret,
766 1141 1068 1206 navigavit,
1102 1150 1308 1206 tumque
1328 1141 1397 1188 ab
1423 1150 1642 1206 utroqve
1668 1141 1850 1190 littore
1867 1143 2018 1189 illius
2042 1143 2144 1191 iter
2160 1160 2411 1208 conspec-

216 1243 328 1292 tum
345 1243 439 1291 est,
477 1250 568 1298 qvo
594 1232 684 1281 ubi
702 1233 977 1297 pervenit,
1015 1231 1183 1294 turbo,
1219 1232 1391 1281 velum
1410 1232 1743 1295 percutiens,
1779 1233 1957 1282 navim
1981 1233 2252 1284 subvertit.
2325 1235 2410 1282 Ibi

172 1382 177 1385 X
222 1325 534 1376 Thorkellus
571 1340 842 1388 omnesqve
866 1324 1145 1384 mortales,
1193 1323 1276 1388 qvi
1310 1323 1397 1370 illi
1435 1324 1704 1384 adessent,
1754 1320 2022 1381 submersi.
2092 1325 2272 1389 Ligna
2302 1342 2407 1390 per

217 1416 424 1465 insulas
437 1416 546 1461 late
560 1413 616 1461 in
631 1423 828 1460 terram
840 1415 1003 1478 ejecta
1020 1422 1158 1461 sunt.
1224 1413 1533 1477 Angulares
1549 1415 1804 1461 columnae
1818 1414 1872 1461 in
1884 1415 2080 1477 insula,
2097 1433 2206 1481 qvae
2209 1425 2406 1480 postea

215 1507 406 1570 *Stasey
418 1495 621 1570 [insula
646 1502 926 1567 columnae]
945 1513 1132 1554 vocata
1150 1512 1246 1564 est,
1266 1506 1459 1569 ejectae.
1529 1504 1872 1569 Shbsnungus
1892 1507 2110 1570 scaplioe
2128 1508 2289 1554 costis
2297 1509 2407 1569 fu-

217 1606 337 1646 erat
361 1596 565 1661 affixus.
634 1596 742 1643 Ille
772 1596 831 1642 in
850 1596 1253 1661 Skbfnungseya
1282 1597 1641 1660 deprehensus
1670 1604 1765 1645 est.
1842 1599 2074 1659 Vespere
2099 1614 2223 1647 vero
2256 1599 2405 1646 illius

216 1688 344 1746 diei,
364 1704 458 1753 qvo
481 1683 793 1735 Thorkellus
815 1702 933 1732 cum
957 1679 1117 1733 sociis
1143 1695 1267 1734 erat
1283 1685 1597 1747 submersus,
1631 1686 1693 1733 id
1714 1688 1842 1736 novi
1861 1689 2167 1752 Helgafelli
2189 1689 2405 1750 accidit,

216 1795 374 1844 qaum
402 1777 610 1826 caeteris
633 1775 873 1824 omnibus
891 1774 1313 1824 decumbentibus
1332 1778 1598 1825 Gudruna
1622 1770 1878 1841 templum
1907 1779 2098 1826 adiens
2128 1781 2408 1828 caemeterii

211 1878 434 1936 portam
456 1867 702 1926 intraret,
735 1875 800 1916 ut
820 1868 1031 1916 larvam
1052 1866 1156 1914 sibi
1177 1854 1401 1916 adstare
1418 1869 1758 1931 conspiceret,
1779 1885 1888 1933 qvae
1910 1872 1988 1917 acl
2005 1887 2122 1918 eam
2146 1888 2252 1918 sese
2269 1888 2408 1935 pro·-

217 1961 429 2009 clinans
451 1958 591 2007 dixit
605 1976 620 2005 .·
654 1975 706 2005 m
720 1975 753 2004 a
769 1975 851 2022 gn
865 1974 911 2004 oe
935 1974 1032 2005 res
1048 1958 1211 2019 siun
1227 1967 1251 2005 t
1284 1960 1380 2006 Gu
1396 1960 1515 2005 dru
1531 1976 1608 2005 na
1623 1959 1645 2006 Ι
1718 1951 1981 2007 Gudruna
2006 1962 2309 2024 respondit:
2343 1971 2407 2009 at

205 2060 278 2100 'tu
311 2051 442 2098 illas
465 2049 596 2109 cela,
631 2047 854 2108 infelix!
892 2049 1172 2108 Gudruna,
1216 2048 1300 2095 uti
1333 2049 1703 2108 constituerat,
1734 2051 1812 2097 ad
1840 2052 2093 2114 templum
2117 2052 2405 2116 pergebat,-

217 2157 369 2208 qvum
395 2157 453 2188 eo
475 2139 807 2204 perveniret,
850 2139 1186 2186 Thorkellum
1206 2147 1364 2203 atqve
1396 2139 1550 2187 illius
1572 2141 1742 2189 socios
1773 2143 1987 2189 reduces
2020 2150 2175 2206 atqve
2211 2144 2405 2207 templo

216 2234 498 2280 adstantes
512 2247 566 2278 se
589 2231 893 2293 conspicere
912 2229 1174 2277 credebat.
1223 2230 1277 2279 E
1289 2230 1611 2279 vestimentis
1634 2249 1774 2297 aqva
1790 2231 2004 2279 marina
2029 2233 2254 2296 defluere
2271 2235 2403 2282 visa.

217 2324 482 2372 Gudruna
503 2316 628 2369 illos
641 2322 793 2369 haud
809 2321 1050 2367 allocuta
1065 2321 1316 2384 templum
1332 2321 1560 2370 intravit
1575 2310 1759 2386 ibiqoe,
1780 2323 2030 2387 qvamdiu
2053 2325 2161 2388 ipsi
2171 2326 2406 2389 placuit,

215 2412 546 2462 morabatur.
636 2413 846 2460 Deinde
884 2411 1111 2461 intravit
1146 2412 1498 2470 coenaculum,
1550 2412 1882 2460 Thorkellum
1906 2414 2043 2461 enim
2075 2423 2227 2479 atqve
2257 2417 2407 2464 illius

18 2532 31 2541 x
83 2499 86 2502 ⁴
135 2511 139 2514 ’
218 2504 387 2553 socios
400 2503 457 2549 id
476 2503 736 2565 ingressos
762 2501 1004 2563 rebatur,
1040 2518 1133 2566 qvo
1156 2501 1245 2548 ubi
1262 2502 1419 2563 venit,
1445 2503 1628 2551 nullus
1649 2501 2198 2554 ibimortalisaderat.
2277 2507 2408 2555 Tum

219 2595 482 2644 Gudruna
518 2600 627 2639 toto
663 2592 762 2639 hoc
788 2599 978 2640 eventu
1012 2592 1239 2639 multum
1266 2593 1592 2656 stupefacta.
1667 2594 1776 2642 Die
1804 2595 1995 2642 mortis
2032 2596 2230 2644 Christi
2253 2598 2408 2646 Gud-

216 2702 357 2735 runa
371 2700 511 2744 suos,
545 2690 608 2730 ut
628 2682 749 2748 qvid
769 2683 833 2729 de
859 2683 1126 2731 Tliorkelli
1149 2682 1337 2731 itinere
1355 2693 1740 2748 cognoscerent,
1772 2686 1966 2747 emisit,
1998 2689 2244 2752 qvosdam
2267 2687 2409 2734 inte-

219 2778 367 2824 riora
401 2790 581 2825 versus
608 2774 666 2821 in
689 2774 1009 2834 Strandam,
1057 2775 1310 2839 qvosclam
1332 2791 1454 2824 vero
1486 2777 1565 2823 ad
1588 2776 1810 2825 insulas.
1887 2778 1931 2826 Ἰ
1931 2795 2019 2825 um
2039 2778 2194 2842 ligna
2220 2795 2249 2825 e
2282 2777 2407 2827 navi

217 2869 380 2933 ejecta
399 2866 509 2913 late
533 2881 631 2929 per
655 2865 864 2931 insulas
879 2861 1217 2930 &utrumqve
1242 2865 1394 2913 littus
1417 2866 1680 2931 dispersa.
1725 2867 1834 2917 Die
1849 2867 2066 2916 saturni
2088 2876 2216 2914 ante
2229 2867 2408 2930 ferias

212 2956 503 3024 paschales
517 2955 629 3003 haec
641 2973 779 3005 nova
798 2956 1082 3020 divulgata
1103 2957 1327 3003 multum
1343 2957 1554 3005 animos
1573 2975 1793 3008 movere.
1848 2958 2160 3007 leorkellus
2176 2956 2314 3005 enim
2334 2956 2409 3004 il-

222 3046 410 3096 lustris
421 3045 618 3108 fuerat
637 3046 908 3111 princeps.
989 3047 1324 3104 Thorkellus‚
1357 3065 1512 3113 qvum
1538 3049 1596 3096 in
1619 3066 1762 3114 aqva
1785 3049 2054 3108 interiret,
2102 3064 2265 3096 unum
2289 3054 2409 3096 erat

219 3155 418 3186 annum
438 3145 599 3184 natus
627 3147 783 3202 atqve
810 3138 1188 3204 qvadraginta.
1258 3123 1379 3187 Hoc
1403 3147 1579 3188 autem
1601 3140 1801 3187 accidit
1832 3124 1992 3189 annis
2018 3148 2267 3206 qvatuor,
2291 3124 2411 3185 'an-

221 3238 422 3295 teqvam
450 3228 646 3284 olavus
664 3248 755 3281 rex
786 3240 1002 3281 sanctus
1023 3231 1358 3282 occideretur.
1435 3224 1698 3280 Gudruna
1719 3232 1760 3280 Ἰ
1760 3231 1987 3281 lzorkelli
2006 3229 2228 3282 interitu
2251 3228 2409 3278 valde
