2956 3854
1619 259 1746 314 400

612 436 847 466 errorum
874 435 1212 481 paganorum
1233 420 1297 487 >in
1331 421 1560 467 moribus
1590 423 1874 470 multorum
1907 420 2173 470 hominum
2200 434 2538 486 superessent.
2636 427 2772 474 Olim

614 509 700 553 hic
722 525 830 553 mos
862 509 997 553 inter
1020 510 1157 556 *viros
1167 511 1344 570 fortes
1352 510 1578 570 foedera
1605 512 1666 557 de
1695 519 1880 558 mutua
1909 512 2108 558 ultione
2132 508 2424 574 pangentes
2456 513 2773 573 invaluerat,

615 604 673 642 ut
697 598 803 642 tria
829 597 1029 658 lamina
1052 600 1271 662 cespitia
1286 599 1528 658 juraturi
1555 598 1801 646 subirent.
1883 601 1974 646 Ita
2011 616 2130 648 vero
2163 616 2271 645 mos
2304 599 2400 645 iste
2434 610 2775 663 comparatus

616 694 759 741 erat,
809 693 868 731 ut
896 694 999 732 tres
1026 688 1243 750 cespites
1266 689 1450 750 longos
1485 688 1764 746 caederent,
1808 704 2020 751 quorum
2056 688 2413 736 extremitates
2440 705 2611 734 omnes
2631 689 2777 734 humi

615 773 898 835 affigerent,
913 784 1227 823 curvaturas
1253 765 1371 823 vero
1397 777 1475 822 ita
1499 776 1781 833 elevarent,
1811 787 1871 824 ut
1893 795 1978 826 eos
1999 778 2151 825 homo
2186 776 2357 824 subire
2374 785 2569 839 posset.
2615 778 2776 824 Hunc

614 862 775 908 ritum
804 863 850 910 T
845 854 1118 926 lzorgeirus
1142 874 1191 912 et
1219 864 1541 911 Thormodus
1568 865 1730 910 secuti
1760 867 1924 914 sunt.’'

882 954 1015 1000 Haec
1036 954 1318 1016 descriptio
1355 962 1482 1016 apte
1502 951 1779 1016 conspirat
1819 971 1931 1002 cum
1965 957 2077 1003 loco
2108 955 2464 1019 proecedente3
2508 946 2805 1017 praeterea*

618 1041 738 1088 inde
761 1042 1006 1089 discimus
1037 1058 1305 1091 numerum
1333 1042 1584 1104 cespitum
1622 1044 1916 1092 ternarium
1950 1063 2133 1110 qvoqve
2177 1046 2233 1093 in
2265 1044 2483 1105 foedere
2527 1043 2777 1090 sodalitio
2849 1103 2851 1107 .

608 1131 876 1194 jungendo
885 1131 1060 1192 fuisse
1085 1131 1394 1178 adhibitum.

879 1221 1114 1268 Eundem
1139 1222 1353 1284 deniqve
1383 1208 1573 1268 morem
1595 1223 1826 1287 respexit
1856 1232 2014 1270 autor
2060 1222 2391 1272 narrationis
2405 1202 2411 1208 .
2416 1216 2694 1283 fabulosa?
2719 1220 2782 1274 de

625 1306 932 1354 leorsteino
967 1310 1024 1356 V
1020 1309 1183 1371 ikingi
1198 1308 1338 1369 filio,
1365 1310 1729 1370 juramentum
1760 1312 2069 1358 sodalitium
2106 1311 2190 1358 his
2244 1311 2414 1360 verbis
2463 1309 2782 1357 describens:

617 1398 769 1457 ff'peir
782 1397 1014 1446 vb'kvudu
1037 1413 1116 1443 ser
1139 1398 1279 1444 b16ds
1294 1392 1326 1442 *1
1346 1398 1516 1457 ldsum,
1552 1399 1616 1444 ok
1628 1413 1789 1462 gengo
1813 1401 1964 1447 undir
1979 1399 2285 1458 ⁸iarden-men,
2302 1399 2367 1445 ok
2381 1399 2504 1444 sdro
2526 1406 2618 1455 par
2640 1397 2782 1458 eyda,

621 1474 814 1534 atshver
833 1487 995 1549 skyldi
1041 1502 1222 1540 annars
1251 1487 1426 1558 hefna3
1483 1486 1533 1532 ef
1552 1487 1714 1534 nokkr
1749 1490 1920 1545 peirra
1955 1488 2070 1549 yrdi
2113 1485 2229 1535 med
2271 1469 2492 1549 vopnom
2527 1484 2711 1547 veginn
2741 1497 2784 1527 οε

619 1576 920 1640 sangvinem
942 1593 1091 1623 suum
1116 1593 1177 1623 ex
1201 1577 1333 1624 volis
1357 1576 1669 1636 elicuerunt,
1704 1580 1877 1635 lamen
1903 1575 2177 1639 cespitium
2210 1576 2506 1635 subierunt,
2542 1581 2603 1622 et
2625 1573 2787 1634 jura-

619 1675 848 1715 mentum
893 1667 1275 1731 praestiterunt.
1359 1667 1442 1714 De
1476 1674 1662 1714 mutua
1698 1667 1921 1724 ultione,
1964 1665 2009 1711 si
2056 1665 2319 1723 alteruter
2350 1671 2516 1713 morte
2556 1662 2786 1712 violenta

619 1756 877 1819 periisset.
2335 1758 2339 1763 ⁵

888 1848 1080 1894 Plures
1117 1842 1245 1902 loci,
1295 1842 1349 1891 in
1378 1843 1558 1907 quibus
1589 1843 1782 1892 mentio
1808 1844 1974 1906 facta
2004 1851 2081 1890 est
2103 1842 2259 1908 hujus
2283 1840 2786 1900 consvetudinis,>-in

623 1935 851 1999 antiqvis
874 1935 1212 1981 Islandorum
1235 1933 1578 1980 monumentis
1615 1933 1763 1979 nobis
1789 1933 1945 1979 haud·
1969 1941 2320 1979 occurrerunt.
2404 1931 2642 1978 Solennis
2665 1945 2785 1978 vero

622 2025 714 2071 ille
744 2024 960 2071 laminis
987 2024 1194 2088 cespitii
1221 2039 1346 2070 usus
1378 2031 1489 2069 tam
1516 2030 1787 2069 arctecum
1811 2021 2187 2086 superstitione
2212 2036 2439 2084 pagana
2466 2027 2582 2068 erat
2600 2031 2784 2079 nexus,

625 2122 686 2160 ut
711 2114 1115 2164 Christianismo
1149 2122 1199 2162 et
1228 2121 1434 2177 recepto
1471 2121 1521 2160 et
1540 2111 1764 2175 firmato
1798 2128 1904 2162 non
1932 2111 2168 2175 potuerit
2194 2126 2298 2159 non
2320 2109 2376 2158 in
2399 2107 2787 2180 desuetudinem

625 2197 785 2252 abire.
