2956 3854
1262 248 1384 303 143

235 412 348 463 tera
367 416 601 479 qvaedam
628 414 830 461 mulier.
874 412 1111 460 Thordus
1134 426 1248 457 cum
1269 425 1445 456 novem
1469 409 1764 456 hominibus
1784 411 2016 477 Kotkelli
2042 411 2226 459 villam
2250 413 2404 459 adiit.

229 505 463 552 Kotkelli
472 502 586 566 filii
605 502 755 549 lzaucl
767 500 907 548 domi
926 501 1167 546 aderant.
1201 498 1408 546 Deinde
1424 498 1667 544 Kotkello
1692 506 1740 543 et
1765 499 1962 545 Grimae
1985 492 2250 564 eorumque
2262 501 2404 563 filiis

232 590 463 652 obfurta
487 600 638 655 atqve
664 589 909 652 veneficia
935 589 1069 635 diem
1094 589 1254 646 dixit,
1289 580 1401 632 illis
1423 587 1680 649 sylvestre
1705 587 1918 633 exilium
1943 589 2190 636 minatus.
2242 592 2406 638 Hanc

229 679 289 726 ob
313 696 553 727 caussam
580 696 666 725 eos
686 681 761 725 ad
786 677 996 724 comitia
1013 676 1235 740 publica
1263 676 1463 733 citavit,
1500 677 1574 722 acl
1592 675 1766 722 navim
1790 676 1975 722 deinde
1999 679 2170 724 rediit.
2230 681 2404 726 Halt-

229 769 440 832 bjbrnus
459 767 913 830 atqveStiganclus
932 768 1138 813 (lonium
1161 766 1421 825 redibant,
1454 782 1568 812 cum
1589 766 1826 812 leorclus
1844 766 1961 813 ‘vela
1982 767 2220 827 dedisset,
2251 769 2401 816 haud

228 865 402 903 tamen
430 857 605 903 adhuc
638 856 860 902 multum
891 856 989 904 vice
1024 856 1341 915 confecisset.
1424 856 1552 902 Tum
1581 855 1857 902 Kotkellus
1896 856 2019 917 qvid
2054 857 2130 902 rei
2160 839 2396 904 illis'ab-

226 944 456 1008 sentibus
492 945 770 992 accidisset
806 947 1011 1000 docere,
1048 945 1263 1005 fratres
1290 953 1465 990 autem
1491 945 1564 990 ad
1590 944 1703 990 lzoec
1731 944 1816 988 ira
1840 941 2168 1005 effervescere
2196 953 2400 1009 tomqve

224 1042 411 1096 aperto
446 1034 564 1080 odio
604 1034 772 1080 ullum
804 1034 1063 1080 hominem
1101 1049 1185 1078 eos
1211 1040 1542 1094 persecutum
1582 1047 1789 1093 negare.
1881 1032 2088 1078 Deinde
2124 1033 2401 1079 Kotkellus

222 1123 431 1185 amplos
455 1106 716 1181 cancellos
737 1122 968 1184 magicos
990 1106 1265 1167 stkzcendos
1286 1121 1516 1179 curavit,
1565 1119 1688 1166 illos
1712 1128 1824 1166 tota
1842 1120 2062 1181 familia
2089 1124 2401 1168 conscende—-

223 1211 338 1269 bat,
376 1210 446 1255 ibi
468 1226 593 1255 suas
617 1211 891 1256 doctrinas
914 1197 1200 1266 canebant,
1255 1210 1366 1256 illae
1391 1225 1510 1256 vero
1540 1191 1960 1270 veneficoefuere,
2052 1211 2179 1257 Tum
2200 1212 2397 1258 multus

222 1315 335 1346 cum
363 1299 610 1361 procella
645 1298 805 1346 imber
829 1308 1052 1347 exortus.
1109 1300 1228 1346 Hoc
1265 1298 1962 1361 Thordus'lngunnae‘filius
1998 1299 2238 1362 illiusqve
2269 1301 2396 1345 socii

216 1388 514 1435 sentiebant
545 1389 600 1434 in
634 1405 686 1434 se
719 1389 859 1436 hanc
889 1397 1249 1452 tempestatem
1284 1389 1605 1434 concitatam
1641 1404 1760 1433 esse.
1838 1388 2008 1434 Navis
2042 1404 2220 1435 versus
2256 1390 2395 1434 occi-

220 1479 422 1525 dentem
447 1493 482 1522 a
504 1478 873 1531 Skalmarneso
898 1477 1138 1540 depulsa.
1218 1477 1457 1523 leordus
1479 1477 1703 1523 multam
1735 1476 1790 1521 in
1808 1477 2038 1522 nauticis
2060 1477 2265 1523 artibus
2287 1479 2397 1523 vir-

221 1575 380 1613 tutem
402 1566 652 1622 exhihuit,
691 1567 834 1629 idqve
854 1566 1086 1612 homines
1107 1566 1161 1611 in
1185 1574 1328 1611 terra
1350 1573 1591 1610 astantes
1614 1575 2009 1626 conspexerunt,
2047 1567 2178 1629 qvod
2200 1567 2391 1623 omnia,

219 1672 330 1719 qvoe
343 1650 566 1715 majoris*
573 1655 830 1717 ponderis
854 1655 1080 1699 inessent
1095 1653 1233 1710 navi,
1257 1661 1461 1714 proeter
1478 1652 1727 1708 homines,
1753 1653 1808 1698 in
1827 1671 1973 1700 mare
1994 1655 2212 1718 ejiceret.
2241 1655 2396 1700 Jam-

219 1761 310 1808 qve
337 1744 437 1801 illi,
474 1744 556 1807 qvi
577 1744 631 1790 in
664 1751 808 1790 terra
831 1744 1076 1801 aderant,
1115 1741 1378 1788 Tltorclum
1407 1742 1461 1787 in
1496 1749 1694 1787 terram
1717 1751 2100 1805 perventurum·
2120 1752 2395 1806 expectare

217 1836 512 1896 coeperant,
545 1841 653 1891 tum
677 1832 811 1878 enim
833 1848 894 1877 ea
918 1833 1033 1892 loca
1060 1831 1358 1893 trajecerat,
1376 1847 1484 1893 qvae
1506 1828 1731 1877 maxime
1755 1833 1986 1895 scopulis
2006 1841 2161 1879 erant
2177 1833 2392 1893 referta.

215 1922 336 1968 Jam
348 1910 550 1984 fluctus
569 1921 716 1967 haud
732 1921 929 1983 procul
948 1937 982 1964 a
1010 1928 1153 1966 terra
1179 1936 1396 1982 surgens
1422 1920 1658 1983 nullique
1683 1929 1843 1967 antea
1868 1923 2132 1984 cognitus,
2181 1922 2258 1966 ita
2288 1938 2392 1966 na-

218 2011 323 2057 vim
339 2009 766 2072 percutiebat‚'ut
790 2009 975 2054 carina
999 2009 1181 2053 statim
1208 2025 1414 2053 sursum
1437 2017 1680 2070 vergeret.
1736 2009 1818 2055 Ibi
1851 2010 2089 2055 Thorclus
2114 2025 2227 2054 cum
2254 2010 2394 2055 omni

220 2093 367 2145 illius
392 2099 643 2144 comitatu
665 2097 980 2154 submersus,
1035 2096 1184 2142 navis
1204 2111 1321 2142 vero
1345 2097 1563 2157 penitus
1583 2097 1778 2155 fracta
1803 2095 1863 2143 ’84
1893 2098 2306 2160 carinaqviclem
2332 2114 2389 2144 eo

220 2175 274 2234 i¹n
300 2188 411 2235 loco
437 2189 491 2233 in
515 2197 710 2234 terram
733 2187 919 2250 ejecta,
966 2185 1049 2230 cui
1067 2191 1256 2245 postea
1278 2185 1576 2247 KJaZareya
1601 2183 1809 2248 (Insula
1835 2184 2064 2250 Carinae)
2087 2203 2267 2233 nomen
2279 2205 2297 2247 >⁸
2335 2188 2389 2234 in

217 2279 367 2324 illam
404 2285 578 2323 autem
615 2277 846 2334 insulam
888 2273 1084 2320 Thorai
1125 2280 1326 2317 scutum
1361 2274 1600 2335 ejectum,
1665 2291 1773 2337 qvae
1804 2284 1996 2337 postea
2032 2276 2388 2339 Skjalclareya

215 2366 382 2434 (Scuti
398 2346 608 2427 Insula)
631 2371 819 2411 vocata
844 2370 934 2409 est.
1008 2362 1053 2407 T
1050 2359 1204 2407 lzordi
1229 2377 1413 2424 qvoqve
1437 2362 1680 2426 illiusque
1704 2365 1961 2410 sociorum
1973 2364 2178 2424 funera
2205 2367 2258 2412 in
2281 2375 2391 2412 ter-

214 2472 331 2502 ram
352 2456 542 2517 ejecta,·
576 2469 801 2516 corpora
828 2451 1003 2498 omnia
1029 2452 1228 2497 tumulo
1253 2451 1466 2497 condita
1492 2451 1546 2497 in
1577 2469 1634 2500 eo
1656 2454 1797 2512 loco,
1845 2455 2140 2517 qvispostea
2164 2456 2390 2519 Haugs-

215 2555 391 2592 nes'um
419 2542 867 2608 (Promontorium
896 2538 1104 2603 tumuli)
1128 2548 1481 2602 nuncupatur.

982 2654 986 2657 μ
1031 2701 1203 2758 CAP.
1249 2701 1546 2758 XXXVI.

476 2791 692 2859 Horum
722 2820 993 2865 eventuum
1023 2818 1199 2856 utrum
1229 2808 1504 2871 majoran
1519 2798 1675 2870 pejor
1702 2825 1881 2856 rumor
1896 2810 2163 2867 incertum,
2204 2805 2253 2855 8<
2272 2809 2385 2872 qvi-

218 2901 329 2955 clem
363 2901 598 2962 capitale
628 2901 920 2948 habebatur
958 2899 1095 2945 talia
1136 2915 1366 2946 exercere
1391 2897 1660 2959 veneficia,
1697 2899 1876 2960 qvalia
1908 2907 2016 2944 tum
2042 2900 2385 2945 Kotkelliana

210 2970 339 3050 gens
353 2999 714 3051 perpetrarat.
801 2991 1062 3037 Gudruna
1093 2987 1289 3035 Thorcli
1324 2987 1540 3032 interitu
1565 2988 2222 3055 admodumcontristata,
2278 2996 2387 3035 tum

216 3059 468 3136 verosuit
486 3080 734 3140 gravida,
770 3096 888 3125 mox
910 3079 1106 3142 qvid-em
1119 3086 1342 3140 partum
1365 3076 1594 3122 editura.
1636 3077 1895 3121 Gudruna
1915 3092 2139 3137 puerum
2157 3077 2385 3139 peperit,

218 3166 301 3212 cui
327 3182 461 3230 aqva
488 3167 768 3232 superfusa
795 3168 1001 3214 leordo
1033 3157 1261 3214 inclitum¹
1287 3181 1494 3220 nomen.v
1520 3163 1643 3211 Isac
1665 3168 1970 3227 tempestate
1983 3167 2177 3213 Sn’orro
2197 3165 2387 3228 ponti-
