2956 3854
1320 242 1403 293 ‘23

269 406 404 457 sima
417 404 726 467 habebatur,
751 405 1066 470 cujusfama
1081 403 1170 451 ubi
1185 404 1260 449 ad
1284 419 1441 450 aures
1456 405 1721 452 H'o'skuldi
1732 409 1994 470 pervenit,
2018 409 2271 475 simulqve
2282 414 2448 460 Bior-

266 512 382 544 nem
409 512 518 557 esse
540 496 769 562 omnium
796 496 1091 543 incolarum
1115 494 1543 554 Strandensium,
1575 494 1836 543 hominem
1858 515 1914 545 re
1945 501 2265 560 lautissima,
2294 505 2446 550 domo

266 602 382 633 cum
406 586 593 633 ¹decem.
634 586 766 635 viris
788 601 914 650 eqvo
940 584 1151 634 vehitur
1169 584 1584 648 atqveBib'rnem
1610 585 2272 653 rusticumBiarnar-flordi
2303 594 2442 654 visit,

264 656 350 723 cui
386 691 502 724 cum
537 683 670 721 esset
706 673 912 738 egregio
954 673 1162 721 nomine
1202 672 1470 737 cognitus,
1533 674 1912 723 humanissime
1949 678 2015 724 ab
2061 696 2117 726 eo
2159 683 2438 746 excipitur.

259 765 466 814 Deinde
482 763 792 810 Ho'skuldus
825 764 888 811 de
910 780 1070 810 uxore
1092 764 1331 810 ducenda
1357 779 1641 812 sermonem
1668 766 1933 827 instituit,
1981 785 2124 831 qvem
2145 772 2314 818 Biorn
2348 789 2439 819 co-

257 846 413 902 miter
434 853 713 917 excipiens,
745 853 846 900 sibi
866 855 1070 919 qvidem
1092 854 1175 902 ait
1197 870 1313 901 eam
1335 870 1444 901 esse
1468 863 1703 915 mentem,
1725 854 1907 925 filiam
1929 874 2079 904 suam
2106 862 2206 906 alii
2230 862 2437 909 meliori

257 960 367 993 non
387 953 708 1008 nupturam,
747 959 802 991 se
821 952 995 991 tamen
1018 943 1160 991 hanc
1182 960 1290 991 rem
1328 944 1499 1007 ipsius
1527 944 1754 992 arbitrio
1788 946 2102 1011 relinqvere,
2150 951 2212 997 de
2245 969 2345 1015 qva
2381 967 2437 999 re

184 1067 187 1069 -
259 1049 376 1081 cum
394 1035 545 1097 apud
558 1032 855 1080 Jorunnam
889 1041 1162 1096 ageretur,
1220 1034 1360 1081 hunc
1401 1035 1456 1081 in
1490 1036 1701 1082 modum
1722 1038 2026 1100 respondit.-
2074 1041 2211 1103 qvod
2264 1042 2326 1087 de
2371 1049 2436 1102 te,

255 1123 546 1183 H‘o'skulde,
568 1123 645 1169 ad
660 1138 818 1170 aures
838 1132 1053 1171 nostras
1061 1123 1244 1185 fando
1252 1125 1516 1188 pervenit,
1538 1125 1647 1173 tale
1659 1134 1750 1186 est,
1774 1135 1834 1173 ut
1840 1127 2153 1195 petitionem
2174 1138 2320 1176 tuam
2333 1127 2458 1187 non'

246 1212 517 1276 possimus
542 1229 648 1260 non
662 1214 902 1277 placidis
926 1213 1146 1262 auribus
1165 1214 1419 1278 accipere,
1456 1215 1514 1262 id
1533 1215 1669 1263 enim
1691 1232 2007 1280 persvasum
2040 1219 2315 1280 habemus,
2353 1220 2437 1267 illi

250 1301 406 1350 uxori
429 1292 552 1349 hene
574 1320 683 1351 esse
705 1305 1014 1365 consultum,
1051 1320 1164 1369 qvae
1191 1314 1357 1352 tecum
1380 1305 1719 1354 matrimonio
1732 1308 2015 1372 jungatur,
2054 1327 2231 1357 verum
2260 1319 2435 1356 tamen

245 1400 410 1457 pater
432 1409 576 1440 meus
611 1393 715 1440 hac
748 1395 804 1442 in
828 1411 884 1443 re
901 1382 1199 1459 plurimum
1225 1396 1569 1443 auctoritatis
1592 1396 1830 1456 habebit,
1876 1415 2002 1445 nam
2025 1399 2135 1446 eius
2165 1400 2435 1447 voluntati

250 1483 486 1546 equidem
515 1483 852 1531 consentiam.
930 1486 1127 1533 Verum
1158 1483 1243 1530 his
1274 1483 1426 1530 rebus
1460 1486 1682 1548 agendis
1712 1486 1821 1534 sive
1852 1489 2077 1535 multum
2108 1477 2216 1537 sive
2232 1505 2434 1551 parum

227 1592 230 1595 “
252 1570 503 1634 temporis
516 1572 701 1618 datum
706 1572 900 1633 fuerit,
923 1590 980 1620 eo
994 1573 1209 1636 deniqve
1219 1588 1302 1620 res
1307 1573 1569 1643 pervenit,
1587 1575 1897 1621 utJorunna
1907 1578 2186 1623 H'o'skuldo
2201 1579 2433 1640 despon-

251 1662 478 1719 deretur,
505 1658 704 1723 magna
740 1661 950 1724 adjecta
987 1660 1162 1708 dotali
1187 1661 1450 1724 pecunia:
1504 1661 1562 1707 id
1580 1663 1875 1710 convivium
1917 1673 1976 1710 ut
2013 1666 2433 1712 Hoskuldstadis

234 1748 395 1814 fieret
423 1741 685 1801 decretum
715 1745 808 1797 est.
894 1751 985 1798 Ita
1025 1758 1152 1797 acta
1179 1766 1251 1808 re,
1284 1751 1596 1798 Ho‘skuldus
1622 1770 1770 1817 eqves
1787 1753 2146 1816 proficiscitur
2160 1756 2430 1818 proediutn

248 1836 401 1894 v{suum
422 1840 718 1902 revisurus,
744 1840 958 1904 jamqve
982 1841 1124 1887 domi
1142 1840 1392 1905 manebat
1423 1858 1579 1906 usqve
1611 1845 1688 1890 ad
1710 1852 1913 1907 tempus
1937 1846 2178 1893 convivii.
2262 1844 2431 1909 Bjo'rn

246 1948 284 1980 a
306 1930 510 1980 boreali
533 1946 631 1978 ora
653 1932 901 1998 advenit,
943 1932 1250 1994 splendente
1280 1932 1517 1996 stipatus
1549 1934 1820 1982 comitatu.
1899 1935 2071 1998 Apud
2081 1936 2427 1983 Iio'skuldum

233 2022 357 2088 J'am
383 2020 540 2069 multi
561 2028 912 2069 convenerant
939 2021 1099 2067 amici
1120 2029 1276 2086 atqve
1300 2023 1538 2085 cognati,
1579 2032 1792 2087 eratque
1817 2026 2111 2073 convivium
2147 2026 2430 2078 admodum

246 2109 597 2175 magnificum.
688 2110 872 2157 Soluto
911 2118 1089 2156 autem
1133 2112 1397 2172 convivio,
1450 2111 1666 2176 quilibet
1706 2115 1780 2160 ad
1815 2131 1912 2160 sua
1946 2115 2107 2161 rediit
2137 2115 2425 2173 domicilia,

247 2199 489 2248 amicitia
530 2215 584 2245 se
620 2199 839 2246 invicem
867 2207 869 2211 '
883 2208 1256 2263 proseqventes
1298 2202 1546 2264 donisqve
1583 2202 1850 2254 honorati.
1937 2205 2180 2251 Jorunna
2209 2205 2426 2267 Bjo'rnis

231 2289 362 2355 filia
395 2287 817 2335 Hb'skuldstadis
854 2288 1135 2348 remansit,
1199 2305 1315 2335 cum
1343 2289 1618 2338 Ho‘sculdo
1650 2293 1727 2339 rei
1745 2293 2053 2355 familiaris
2086 2310 2268 2340 curam
2303 2311 2424 2340 atn-

237 2379 405 2446 plexa
416 2394 436 2439 ,·
489 2376 641 2442 idqve
663 2363 806 2424 brevi
837 2378 893 2424 in
918 2376 1067 2423 illius
1095 2379 1289 2447 agendi
1309 2381 1518 2428 ratione
1551 2379 1892 2444 manifestum
1915 2401 1967 2431 se
1998 2385 2251 2445 reddidit,
2290 2386 2425 2448 qvod

237 2467 534 2536 prudentia
549 2475 715 2531 ,atqve
733 2466 870 2515 bona
902 2468 1147 2515 educatio
1187 2477 1343 2534 atqve
1379 2473 1671 2519 multarum
1711 2489 1886 2521 rerum
1907 2475 1955 2522 ei
1983 2475 2173 2522 inesset
2200 2475 2422 2538 peritia,

243 2550 456 2608 animus
480 2572 601 2606 vero
630 2565 750 2609 erat
765 2557 1075 2622 plerumque
1087 2558 1375 2620 fervidior.
1433 2562 1742 2610 Ho'skuldus
1755 2573 1911 2629 atqve
1933 2565 2032 2612 illa
2043 2566 2203 2626 felici
2224 2566 2423 2612 matri-

241 2648 408 2699 monii
431 2636 718 2695 concordia¹
735 2646 1037 2708 utebantur,
1067 2648 1167 2696 etsi
1191 2650 1419 2713 qvotidie
1442 2652 1592 2699 haud
1624 2656 1796 2701 multa
1831 2665 1937 2702 esst
1968 2673 2261 2711 sermonum
2283 2673 2422 2702 cotn-

242 2738 546 2790 municatio.
616 2738 739 2786 Jam
759 2739 1070 2786 H'o'skuldus
1096 2739 1235 2785 inter
1263 2754 1507 2802 proceres
1525 2739 1741 2791 habitus
1759 2742 2031 2809 potenti&
2063 2746 2118 2791 in
2151 2744 2300 2791 rebus
2320 2762 2418 2807 ge·-

245 2830 423 2880 rendis
439 2827 653 2876 ardenti
665 2828 897 2891 pecunia
913 2846 1018 2877 non
1031 2829 1204 2891 defuit
1223 2846 1315 2876 nec
1338 2831 1449 2877 ullo
1473 2832 1528 2879 in
1542 2834 1654 2882 loco
1669 2835 1774 2895 ille,
1798 2835 2111 2898 dignitatem
2126 2835 2417 2896 respicien-

247 2917 402 2980 tibus,
418 2917 745 2983 patriKollo
763 2906 1112 2983 posthabitus
1131 2927 1222 2967 est.
1281 2922 1587 2969 Ho'skuldus
1609 2931 1763 2987 atqve
1776 2924 2018 2971 Jorunna
2042 2923 2192 2970 haud
2204 2925 2417 2987 longam

245 3016 466 3074 egerant
477 3008 805 3056 matrimonii
819 3010 986 3058 vitam
999 3018 1281 3076 anteqvam
1296 3010 1485 3058 liberos
1504 2994 1945 3061 nanciscerentur.
1993 3013 2168 3059 Filius
2186 3013 2415 3072 illorum,

246 3099 334 3166 qvi
348 3096 629 3147 liberorum
642 3107 906 3149 eratnatu
928 3101 1204 3166 maximus,
1236 3103 1281 3165 T
1277 3102 1542 3151 horleikus
1557 3111 1790 3162 vocatus,
1819 3086 2198 3152 alterBardus.
2268 3104 2415 3151 Filia
