2956 3854
1254 246 1383 309 239

226 420 358 487 qvod
379 427 471 466 tua
491 417 567 464 ad
594 415 706 464 lzoec
729 414 812 464 uti
840 415 1085 465 vellemus
1112 428 1209 478 ope
1226 429 1291 460 ac
1312 413 1532 461 auxilio.
1614 413 1662 461 T
1657 429 1756 461 unc
1778 411 1913 460 dixit
1935 411 2203 460 Bardius:
2238 411 2415 475 ingla-—

224 512 360 556 rium
386 509 513 565 erit,
563 523 676 554 cum
714 505 952 569 cognatis
979 514 1221 567 rumpere
1235 519 1450 566 pacem,
1494 504 1670 551 altera
1696 511 1869 549 tamen
1894 519 1955 549 ex
1971 512 2161 565 parte,
2204 501 2412 552 Bollius

222 599 428 648 videtur
452 598 768 660 impugnatu
793 593 1053 656 difficilis,-
1089 593 1245 639 multi
1273 593 1408 639 enim
1430 595 1582 657 apud
1610 610 1724 640 eum
1757 593 2007 648 mortales
2039 594 2260 656 degunt,
2298 593 2411 655 ipse

221 685 340 735 vero
354 686 689 748 fortissimus
715 692 793 730 est
815 682 910 742 vir,
949 698 1040 729 nec
1068 683 1218 745 apud
1230 683 1543 730 Gudrunam
1568 701 1632 729 ac
1652 680 1886 741 Osvzfum
1906 682 2198 743 prudentia
2225 683 2412 728 desunt

224 753 460 823 consilia.
494 774 658 820 Hanc
678 771 738 819 ob
756 788 972 818 causam
991 771 1124 818 milzi
1150 771 1325 818 omnia
1346 772 1647 835 difficiliora
1666 772 1924 820 videntur.
1961 769 2243 837 Haldorus
2257 770 2410 826 dixit:

222 864 338 910 alia
363 863 538 926 magis
565 879 621 909 re
651 861 795 908 nobis
823 878 955 924 opus
978 869 1076 919 est,
1115 877 1275 924 qvam·
1304 862 1385 908 uti
1419 862 1575 925 liujus
1599 875 1775 907 causoe
1807 859 2096 922 difficultas
2131 860 2280 907 nobis
2303 861 2409 906 ad-

222 961 500 1015 augeatur.
608 953 778 1014 Neqve
798 968 891 1014 ego
915 951 1055 998 hanc
1089 967 1196 997 rem
1215 951 1374 1012 prius
1401 942 1639 998 elocutus
1675 966 1818 1006 sum,
1878 965 2033 1012 qvam
2063 949 2242 996 animo
2276 955 2411 995 certe

224 1042 563 1091 constitutum
598 1041 668 1087 sit
689 1039 1019 1102 periclitari,
1058 1039 1112 1085 in
1134 1040 1313 1085 Bollio
1346 1054 1569 1101 qvaerere
1601 1022 1891 1087 vindictam
1917 1034 1967 1084 δε
1995 1053 2123 1084 sane
2154 1045 2408 1098 exspecto,

224 1132 473 1195 cognate!
503 1112 557 1177 te
583 1129 847 1182 nobiscum
859 1126 1130 1190 proficisci
1154 1127 1301 1173 haud
1321 1128 1748 1174 detrectaturum.
1820 1126 2064 1174 Bardius
2089 1124 2249 1172 dixit:
2286 1125 2408 1172 bene

182 1272 186 1277 ,
224 1221 421 1286 quidem
442 1218 680 1280 intelligo
704 1217 936 1280 iniqvum
959 1215 1053 1269 tibi
1079 1216 1247 1269 visum
1271 1216 1357 1276 iri,
1393 1216 1439 1263 si
1461 1233 1553 1280 ego
1579 1216 1655 1263 ire
1684 1217 2054 1273 detrectavero,
2077 1231 2169 1262 nec
2195 1215 2272 1261 ita
2290 1216 2408 1278 qvi-

223 1301 536 1371 demfacere
560 1306 825 1364 constitui,
847 1305 892 1352 si
915 1313 963 1353 te
986 1322 1018 1352 a
1037 1305 1321 1369 proposito
1347 1305 1624 1352 dehortari
1641 1321 1840 1369 parum
1862 1306 2085 1353 cesserit.
2130 1306 2272 1353 Tunc
2286 1305 2408 1350 bene

225 1415 332 1447 rem
339 1399 496 1462 geris,
512 1391 644 1444 uti'a
677 1405 727 1443 te
737 1395 856 1456 suit
871 1392 1209 1458 sperandum,
1220 1395 1660 1442 dixitHaldorus.
1694 1395 1936 1443 Bardius
1960 1394 2113 1440 dixit:
2127 1393 2266 1439 illud
2279 1409 2406 1438 con-

225 1488 363 1533 sulte
380 1486 808 1548 ‘aggrediendum
832 1502 953 1531 esse.
1015 1486 1298 1531 IIaldorus
1325 1484 1487 1539 dixit,
1524 1500 1633 1531 sese
1660 1483 1970 1546 comperisse
1988 1483 2225 1530 Bellium
2252 1499 2408 1545 qvos—

226 1578 349 1623 dam
371 1591 584 1621 suorum
605 1576 813 1620 domum
834 1574 1131 1636 ablegasse,
1165 1575 1416 1636 qvosdam
1441 1589 1563 1620 vero
1589 1590 1761 1620 versus
1788 1573 2025 1619 borealia
2052 1574 2126 1618 ad
2146 1573 2322 1618 navim
2353 1572 2406 1616 in

225 1663 593 1723 IIrutasio'rdo,
617 1663 862 1724 qvosdam
882 1677 1002 1708 vero
1026 1653 1338 1707 occidentem
1364 1676 1544 1708 versus
1568 1663 1644 1707 acl
1662 1661 1989 1708 maritimam
2014 1677 2176 1706 oram.
2235 1661 2408 1706 Rela-

228 1762 337 1800 tum
357 1746 554 1815 qvoqve
573 1748 706 1796 mihi
725 1758 802 1795 est
817 1748 1056 1798 Bollium
1079 1749 1136 1796 in
1160 1747 1377 1812 tugurio
1406 1749 1586 1797 aestivo
1610 1749 1665 1796 in
1694 1733 2050 1812 Soelingsdalo
2074 1747 2407 1805 commorari,

226 1840 318 1891 nec
354 1841 540 1888 ibidem
569 1840 706 1903 plus
739 1847 945 1903 praesto
988 1856 1097 1886 esse
1121 1841 1372 1889 ⁴virorum
1407 1856 1556 1903 qvam
1577 1840 1824 1901 famulos
1844 1838 2118 1900 foenariis
2165 1835 2407 1900 operibus

229 1935 482 1988 intentos,
514 1946 606 1977 nec
628 1930 738 1976 ullo
760 1930 872 1975 alio
896 1938 1127 1992 tempore
1155 1946 1305 1993 qvam
1324 1945 1462 1975 nunc
1496 1929 1670 1991 magis
1704 1929 1911 1978 videtur
1946 1927 2249 1974 con-veniens
2271 1926 2409 1972 Bol-

228 2021 357 2067 lium
385 2020 610 2081 adgredi
640 2018 839 2065 conari.
909 2018 1045 2066 Hoec
1082 2019 1253 2081 itaqve
1289 2019 1427 2065 inter
1463 2019 1771 2066 Haldorum
1809 2035 1878 2064 ac
1909 2017 2177 2064 Bardium
2209 2014 2408 2061 consti-

229 2116 365 2158 tuta.
475 2107 521 2154 T
517 2106 818 2152 lzorsteinus'
858 2114 978 2152 erat
1025 2124 1208 2154 nomen
1242 2108 1403 2166 viro,·
1439 2106 1576 2156 Ater
1612 2123 1920 2170 cognomen,
1989 2105 2316 2154 IIundadali
2352 2104 2407 2149 in

226 2196 455 2246 vallibus
471 2195 1031 2259 Breidasjordensibus
1058 2196 1356 2256 habitabat,
1386 2199 1626 2265 prudens
1660 2197 1751 2245 ille
1781 2197 1866 2244 vir
1894 2212 1958 2242 ac
1979 2193 2407 2258 opibuspollens)

227 2286 446 2340 diuille
471 2285 638 2330 Olavo
658 2283 870 2346 Pavoni
890 2284 1086 2344 fuerat
1120 2285 1334 2331 amica-9.
1415 2286 1714 2333 Thorsteini
1749 2284 2186 2346 sorori'Solveiga
2226 2297 2408 2331 nomen

213 2360 367 2444 fuit,
429 2388 561 2419 uxor
608 2372 707 2418 illa
753 2367 872 2419 erat
905 2373 1031 2433 viri,
1052 2380 1062 2385 ‘
1101 2374 1185 2420 cui
1233 2390 1418 2421 nomen
1450 2376 1681 2438 Helgius
1728 2392 1793 2422 ac
1840 2375 2186 2423 IIardbeinus
2226 2382 2404 2434 pater.

226 2452 453 2527 Helgius
486 2478 694 2524 magnae
725 2470 846 2532 erat
881 2470 1107 2509 staturae
1137 2463 1246 2519 vir,
1313 2480 1378 2521 ac
1415 2464 1617 2511 viribus
1647 2465 1829 2513 valens
1851 2474 1901 2512 et
1925 2465 2146 2511 multum
2171 2461 2225 2507 in
2252 2468 2408 2523 pere-

227 2550 636 2618 grinationibus,
748 2551 875 2598 Tum
907 2551 999 2597 ille
1034 2568 1204 2615 nuper
1239 2553 1314 2598 ad
1328 2554 1631 2601 Islandiam
1667 2556 1926 2614 redierat,
1961 2569 2026 2599 ac
2059 2533 2213 2612 'apud
2240 2551 2410 2597 Thor—

231 2644 453 2690 steinum
508 2641 715 2703 affinem
767 2657 918 2686 suum
961 2641 1354 2705 hospitabatur.
1455 2644 1739 2691 Iialdorus
1795 2643 2108 2691 Tliorsteino
2159 2641 2300 2688 Atro
2347 2654 2411 2684 ac

230 2730 794 2795 flelgio-illiusaffini
837 2731 983 2776 misit
1028 2731 1285 2795 nuntium.
1389 2733 1494 2794 Qvi
1539 2733 1629 2779 ubi
1662 2734 2121 2781 Hiardarlioltum
2149 2744 2409 2792 pervene-

234 2830 381 2880 runt,
413 2821 695 2867 Haldorus
731 2836 815 2865 eos
846 2820 1186 2883 propositum
1223 2837 1397 2881 suum,
1442 2838 1506 2868 ac
1542 2812 1844 2871 institutum
1882 2839 2028 2868 omne
2064 2819 2268 2874 docuit,
2315 2829 2406 2859 ro-

226 2927 364 2974 gans
399 2918 457 2957 ut
483 2903 597 2958 ⁴sese
627 2908 1019 2956 comitarentur.
1099 2910 1788 2974 leorsteinuspropositum
1815 2913 1913 2959 lzoc
1949 2911 2170 2957 multum
2200 2906 2405 2965 impro-

233 3000 394 3048 bavit.
463 2985 884 3055 Ablzorren'dum,
923 2999 1102 3062 inqvit,
1133 3002 1334 3046 malum
1359 3008 1449 3059 est,
1480 3009 1539 3046 ut
1556 3001 1894 3063 voscognati
1914 2998 2106 3046 mutuis
2146 2992 2200 3038 in
2217 3000 2404 3055 poste-

232 3105 347 3135 rum
379 3086 606 3134 coedibus
624 3089 887 3149 pereatiS,
928 3089 1097 3149 pauci
1118 3090 1381 3152 enimjam
1411 3090 1545 3135 tales
1573 3091 1678 3137 viri
1717 3090 1879 3137 vestri
1893 3083 2100 3146 generis
2120 3090 2404 3138 remanent,

232 3178 404 3242 qvalis
430 3176 643 3223 Bollius
666 3184 758 3221 est.
828 3177 946 3223 Etsi
978 3178 1315 3225 leorsteinus
1344 3179 1481 3224 talia
1507 3179 1834 3242 loqvebatur,
1874 3181 2047 3218 tamen
2074 3172 2232 3217 irrita
2258 3171 2404 3216 illius

218 3268 377 3328 fuere
402 3265 561 3312 dicta.
664 3264 945 3312 Iialdorus
969 3267 1171 3315 Lambo
1197 3277 1402 3331 patruo
1439 3282 1533 3316 suo
1573 3264 1718 3310 misit
1752 3263 2025 3323 mintium,
2073 3262 2158 3326 qvi
2180 3261 2268 3307 ubi
2291 3275 2403 3308 eum
