2956 3854
1302 245 1386 308 59

250 417 372 464 Jam
407 431 552 462 mare
580 414 821 474 accessit,
873 428 1050 461 verum
1076 429 1189 460 cum
1228 427 1366 475 aqva
1407 411 1587 459 navim
1622 414 1798 473 ferme
1841 415 2185 474 sublevasset,
2247 425 2428 462 exorta

247 507 506 569 procella,
536 505 691 552 navis
719 503 965 550 subversa
1001 498 1051 548 ὃς
1094 517 1268 548 omnes
1308 501 1559 547 mortales
1586 503 1672 564 9νὶ
1712 504 1766 548 ἱη
1806 505 1933 551 navi
1954 488 2125 566 erant,
2162 505 2428 565 submersi,

251 612 355 642 uno
381 603 610 658 excepto,
637 593 722 655 9νὶ
745 607 858 638 cum
890 590 1051 653 lignis
1085 590 1372 637 in-terram
1402 591 1592 651 ejectus
1616 599 1693 637 est
1702 607 1722 651 ,·
1759 592 1843 637 illi
1862 594 2206 640 Gudmundus
2229 611 2426 654 nomen,

252 693 406 748 atqve
437 684 557 748 inde
592 683 731 752 locon,
787 680 988 727 Insulae
1015 680 1418 728 Gudmundin-ae.
1501 680 1745 726 Gudrida
1782 681 1828 726 T
1823 681 2039 727 lzorkilli
2067 684 2264 745 Trefilli
2295 699 2427 730 uxor

259 771 565 835 Thorsteino
599 771 755 817 Surto
794 778 1017 833 cognato
1039 786 1131 816 suo
1154 768 1597 832 legitima—haeres.
1672 762 1793 816 Ja'm
1813 770 1899 816 hic
1921 772 2137 817 nuntius
2161 774 2222 819 de
2254 773 2425 819 Thor-

247 860 407 907 'steini
440 860 587 906 Surti
621 868 1001 921 ceterorumqve
1035 859 1341 904 mortalium
1380 859 1466 922 qvi
1505 858 1577 904 ibi
1617 859 1931 907 interierant
1968 861 2283 908 demersione
2316 863 2424 908 late

246 949 605 996 circumlatus.
706 948 1007 995 leorkillus
1034 948 1405 994 Gudmundum
1435 948 1587 1006 hunc,
1622 948 1708 1010 9νὶ
1744 965 1770 993 e
1815 949 2102 1011 naufragio
2136 950 2191 995 in
2228 958 2425 995 terram

249 1042 509 1095 evaserat,
537 1038 611 1082 ad
631 1054 683 1082 se
706 1037 931 1095 vocavit,
966 1036 1053 1099 9νὶ
1085 1051 1199 1082 cum
1230 1037 1555 1084 Thorkillum
1577 1038 1889 1096 conveniret,
1911 1046 2161 1083 secretam
2191 1053 2303 1082 cum
2331 1037 2424 1082 illo

244 1127 546 1192 pactionem
566 1125 716 1171 iniit:
752 1125 833 1170 uti
849 1133 1137 1170 nautarum
1151 1140 1292 1171 mors
1317 1142 1414 1188 qvo
1427 1135 1592 1188 pacto
1614 1127 1904 1185 accidisset,
1930 1143 1991 1173 ex
2009 1126 2427 1188 Thorkilliprae-

231 1217 446 1286 ,scripto
475 1215 708 1275 referret.
785 1214 1132 1260 Gudmundus
1167 1230 1220 1262 se
1262 1214 1340 1260 ita
1360 1214 1645 1275 facturum
1666 1217 1932 1279 promisit.
2013 1216 2219 1263 Deinde
2253 1215 2425 1261 leor-

246 1306 409 1357 killus
426 1304 685 1367 praesenti
705 1304 1043 1350 multitudine
1066 1303 1333 1351 hominum
1365 1321 1399 1350 a
1435 1306 1750 1352 Gudmundo
1775 1304 2044 1368 poscebat,
2077 1313 2136 1351 ut
2157 1303 2255 1350 sibi
2287 1304 2426 1350 lzunc

240 1382 484 1444 'euentum
512 1401 836 1440 memoraret.
900 1393 947 1439 T
943 1407 1043 1438 unc
1074 1393 1422 1439 Gudmundus
1452 1410 1562 1440 rem
1603 1395 1681 1439 ita
1722 1395 1991 1456 exposuit:
2059 1393 2425 1441 Thorsteinum

240 1484 475 1548 primum
505 1482 823 1529 submersum
862 1481 1165 1543 affirmavit,
1197 1482 1382 1527 deinde
1411 1499 1659 1544 generum
1682 1484 1829 1529 illius
1867 1484 1913 1529 T
1909 1483 2218 1529 lzorarinum
2228 1499 2247 1544 7·
2313 1490 2423 1528 tum

246 1566 534 1620 lzaereditas
571 1572 646 1616 ad
665 1571 960 1616 Hilduram
982 1570 1182 1626 delata,
1227 1570 1327 1614 illa
1369 1572 1505 1616 enim
1543 1571 1829 1617 leorarini
1849 1570 2007 1631 filia3
2051 1580 2242 1633 postea
2283 1571 2423 1617 hanc

244 1676 439 1726 qvoqve
478 1656 734 1721 virginem
789 1655 1130 1720 suffocatam,
1197 1673 1322 1702 nam
1361 1658 1447 1703 illi
1489 1658 1626 1704 Oska
1659 1657 1911 1719 proxima
1958 1658 2152 1716 boenes,
2213 1675 2423 1722 eamqve

246 1749 383 1797 dixit
408 1755 735 1811 postremam
766 1746 1053 1803 interiisse,
1114 1743 1165 1791 δε
1209 1753 1318 1790 tum
1362 1746 1564 1809 qvidem
1604 1749 1776 1792 omnes
1822 1763 1945 1809 opes
1982 1748 2251 1794 leorkillo
2293 1748 2339 1794 T
2335 1764 2422 1793 re-

233 1837 358 1903 fillo
399 1837 711 1900 deferendae,
754 1835 901 1880 illius
939 1835 1082 1880 enim
1100 1850 1232 1880 uxor
1268 1835 1512 1893 Gudrida
1557 1835 1728 1882 sorori
1759 1835 1926 1881 haeres
1968 1836 2220 1898 legitima.
2300 1836 2422 1883 Jam

246 1906 355 1990 hoc·
378 1925 728 1972 testimonium
740 1940 844 1988 per
870 1924 1196 1971 Thorkillum
1221 1922 1376 1986 atqve
1398 1923 1546 1970 illius
1573 1925 1738 1970 socios
1764 1925 2111 1986 divulgatum,
2149 1926 2238 1971 sed
2266 1927 2419 1971 Gud-

237 1993 472 2063 *munclus
528 2021 687 2060 antea
736 2013 1070 2076 aliqvantum
1121 2013 1509 2072 discrepantem
1559 2012 1636 2057 rei
1686 2012 2061 2074 expositionem
2097 2013 2417 2059 exhibuerat.

247 2103 384 2153 Hoec
394 2087 514 2167 jam
531 2101 722 2147 relatio
739 2100 1056 2163 propinqvis
1073 2099 1358 2146 Thorarini
1370 2116 1570 2163 parum
1595 2091 1765 2147 videri
1783 2101 1919 2147 citra
1949 2101 2344 2162 dubitationem,
2368 2112 2419 2149 et

251 2193 336 2241 illi
359 2207 550 2254 negare
579 2207 632 2236 se
670 2190 746 2236 rei
768 2190 917 2235 haud
942 2188 1169 2251 planius
1199 2196 1478 2249 compertae
1497 2187 1659 2246 fidem
1691 2187 1991 2248 habituros,
2053 2190 2422 2255 dimidiumqve

242 2281 538 2347 pecunioe'a
558 2278 828 2324 Thorkillo
842 2291 1123 2337 reposcere.
1202 2276 1504 2321 leorkillus
1526 2293 1659 2323 =vero
1679 2277 1781 2322 sibi
1802 2278 1910 2324 soli
1935 2260 2052 2325 eam
2075 2296 2183 2326 esse
2203 2289 2420 2327 conten-
2490 2316 2493 2319 -

245 2374 395 2431 dere,
426 2376 606 2431 atqve
648 2367 796 2412 illius
827 2365 905 2412 rei
938 2380 1037 2410 usu
1066 2372 1330 2426 receptum
1362 2365 1638 2412 tecmerion
1674 2364 1932 2430 offerre*).
2010 2369 2137 2415 Tum
2172 2370 2422 2433 temporis

243 2461 344 2510 hoc
383 2456 611 2508 tecmerii
642 2456 755 2505 loco
783 2453 1052 2517 habitum:v
1114 2454 1170 2502 V
1168 2453 1290 2501 ivus·
1301 2454 1423 2514 fuit
1454 2471 1629 2518 cespes
1656 2456 1952 2507 subeundus
1985 2453 2034 2503 8<
2069 2458 2160 2505 ille
2183 2474 2358 2521 cespes
2394 2475 2421 2505 e

246 2564 433 2612 campo
449 2547 526 2593 ita
547 2545 874 2603 resecandus,
899 2551 960 2589 ut
983 2550 1192 2606 uterqve
1211 2541 1336 2604 finis
1358 2545 1572 2608 cespitis
1595 2553 1751 2592 terroe
1772 2546 2070 2595 adhaereret
2078 2563 2096 2608 ,·
2134 2548 2225 2594 ille
2246 2556 2423 2595 autem

247 2639 350 2698 vir,
382 2637 466 2684 cui
491 2634 766 2681 tecmerion
781 2633 1193 2695 producendum,
1228 2632 1472 2695 cespitem
1498 2635 1672 2682 subire
1695 2635 1885 2682 debuit.
1963 2636 2264 2683 Thorkillus
2294 2638 2421 2683 Tre-

236 2728 392 2792 fillus
417 2724 668 2787 religione
692 2730 973 2768 commotus
996 2729 1089 2777 est,
1125 2738 1187 2768 ne
1210 2723 1319 2768 alio
1343 2723 1540 2783 ordine,
1562 2742 1715 2787 qvam
1732 2726 2080 2772 Guclmundus
2102 2727 2291 2772 ultima
2316 2725 2423 2772 vice

241 2817 589 2880 affirmasset,
633 2811 899 2858 hominum
936 2810 1183 2856 interitus
1213 2811 1503 2859 accidisset.
1589 2813 1697 2859 Nec
1716 2815 1929 2877 pagani
1962 2823 2070 2861 tum
2094 2815 2313 2861 minoris
2335 2830 2421 2860 re·-

237 2906 388 2967 ferre
425 2901 795 2958 autumabant,
839 2901 1048 2964 ‘qvando
1091 2900 1229 2946 talia
1266 2901 1474 2963 negotia
1495 2912 1908 2964 peragerentur,
1960 2919 2114 2966 qvam
2142 2919 2286 2950 nunc
2306 2919 2421 2966 pu·-

271 3116 282 3120 s
315 3063 356 3119 *)
389 3065 459 3104 Sic
493 3077 629 3109 vocem
653 3060 812 3102 Skirsla
843 3062 1030 3102 dandam
1064 3077 1300 3112 censemus;
1343 3075 1442 3102 nam
1467 3054 1626 3102 Skirsla
1658 3070 1717 3100 est
1748 3064 1919 3116 signum
1946 3065 2192 3118 religiosum
2211 3066 2259 3102 in
2286 3064 2426 3103 alicu-

421 3135 502 3182 jus
528 3135 589 3170 rei
615 3133 950 3181 testificationem
959 3162 973 3180 ,
998 3136 1239 3182 juramenti
1253 3134 1350 3172 ,loco
1374 3133 1574 3181 habitum,
1608 3132 1717 3184 qvod
1729 3147 1877 3184 graeca
1900 3135 1982 3173 hac
1998 3148 2093 3175 voce
2113 3136 2273 3184 melius,
2306 3146 2430 3186 qvam

434 3203 525 3243 ulla
550 3202 710 3252 latina,
744 3216 835 3254 qvae
858 3202 978 3245 nobis
1002 3203 1148 3242 saltem
1170 3211 1270 3242 nota
1292 3206 1372 3254 sit,
1401 3203 1581 3254 exprimi
1605 3201 1876 3243 arbitramur.

2043 3282 2158 3328 H2
