2956 3854
1191 241 1464 323 „293-

504 501 634 571 Hoc
671 530 924 570 autumno
958 521 1272 578 Gunnarus,
1314 515 1841 575 'Thidrandabanus,
1902 516 2173 564 Gudrunae
2207 504 2410 560 'missus

230 616 439 678 fuerat,
475 622 534 660 ut
557 613 642 659 illi
671 612 931 658 auxilium
955 627 1020 657 ao
1043 609 1331 673 hospitium
1357 606 1632 665 exhiberet,
1659 605 1710 655 8<
1736 607 1835 654 illa
1858 607 2058 670 qvidem
2082 620 2195 651 eum
2219 619 2408 665 excep-

242 713 374 760 erat,
412 703 638 751 celatum
661 708 837 747 autem
854 700 1050 761 fuerat
1080 714 1277 747 nomen.
1360 698 1648 744 Gunnarus
1658 705 1884 760 propter
1905 695 2215 754 Thidrandi7
2255 693 2408 740 Geit-

244 794 289 838 is
303 792 433 853 filii,
459 788 916 849 ‘Krossavikensiffi
961 790 1150 836 coedem
1174 789 1460 835 damnatus
1470 786 1686 847 fuerat,
1723 786 1802 832 uti
1825 785 1879 832 in
1903 784 2407 846 Njardvikingorum

241 881 468 928 historia
487 880 713 926 relatum
734 887 825 925 est.
898 876 1055 925 Illius
1068 879 1168 925 iter
1173 879 1481 941 plerumqve
1487 872 1607 937 fuit
1631 876 1904 935 occultum,
1929 874 2084 920 multi
2106 874 2239 920 enim
2252 881 2406 934 mag—

242 977 428 1016 natum
463 968 755 1016 vindictam
789 968 1101 1030 qvaerebant.
1175 967 1356 1014 Primo
1380 965 1602 1013 convivii
1624 957 1861 1028 vesper&
1898 978 2047 1027 qvum
2080 961 2310 1009 convivae
2336 959 2410 1005 ad

241 1074 409 1122 aqvas
431 1059 594 1104 lotum
617 1058 768 1114 irent,
791 1074 998 1119 magnae
1020 1065 1243 1102 staturae
1266 1056 1417 1101 homo
1431 1055 1644 1102 lavacro
1667 1052 1935 1098 adstabat.
1972 1049 2163 1112 Magni
2189 1050 2272 1094 illi
2293 1049 2404 1095 viro

240 1147 445 1195 humeri
482 1148 741 1210 latumqve
763 1154 949 1208 pectus
961 1161 979 1202 ,·
1028 1145 1230 1206 pileum
1263 1142 1438 1205 capite
1468 1141 1728 1205 gestabat.
1838 1139 2147 1187 Thorkellus
2180 1136 2402 1199 rogavit,
2468 1177 2470 1180 .

241 1236 325 1300 qvi
347 1235 498 1285 lzomo
520 1213 666 1281 esset.
737 1235 793 1280 Is
822 1234 959 1279 illud
981 1232 1259 1296 professus
1288 1248 1499 1283 nomen,
1543 1232 1679 1295 qvod
1709 1231 1904 1294 optime
1934 1227 2207 1277 convenire
2239 1226 2404 1272 visum

241 1333 333 1373 est.
387 1310 695 1371 Thorkellus
709 1323 844 1369 dixit
858 1339 872 1368 .·
907 1321 1055 1368 haud
1074 1329 1121 1367 te
1141 1321 1789 1384 veraproloqviarbitror3
1815 1320 2040 1366 similior
2059 1317 2193 1364 enim
2215 1314 2407 1363 videris

244 1415 502 1462 Gunnaro
521 1412 972 1460 Thidrandabano
995 1409 1046 1457 8(
1067 1411 1113 1456 si
1133 1418 1316 1456 tantus
1339 1410 1541 1472 qvidem
1567 1427 1619 1456 es
1644 1410 1865 1469 athleta,
1902 1415 2152 1472 qvantum
2178 1414 2225 1451 te
2242 1404 2405 1465 fama

229 1504 379 1566 fert,
414 1503 562 1550 haud
587 1509 803 1548 autumo
827 1509 874 1546 te
900 1516 1083 1546 nomen
1108 1501 1415 1546 celaturum.
1493 1500 1640 1546 Tunc·
1659 1501 1946 1546 Gunnarus
1971 1495 2276 1559 respondit:
2311 1493 2408 1539 hoc

245 1582 447 1657 q‘videm
468 1591 789 1639 veliementer
803 1589 1077 1651 postulas,
1113 1604 1204 1634 nec
1229 1603 1359 1650 opus
1388 1605 1496 1635 esse
1528 1578 1680 1635 credo
1706 1598 1755 1635 te
1779 1604 1962 1635 nomen
1992 1586 2176 1634 celare.
2249 1585 2407 1629 Recte

246 1681 449 1746 qvidem
485 1676 657 1728 virum
700 1678 989 1740 cognovisti
999 1694 1020 1735 ,·
1066 1679 1269 1740 qvalem
1297 1684 1473 1722 autem
1503 1678 1633 1723 milii
1674 1677 2019 1723 conditionem
2049 1670 2408 1720 constituisti?

254 1770 563 1819 Thorkellus
590 1760 742 1825 dixit,
769 1782 821 1813 se
843 1766 1046 1829 qvidem
1071 1767 1204 1813 velle
1226 1774 1284 1811 ut
1304 1765 1401 1811 hoc
1424 1765 1509 1812 illi
1531 1767 1789 1829 extemplo
1809 1774 1987 1813 notum
1997 1763 2147 1825 fierit
2159 1779 2176 1822 ‚-
2213 1759 2263 1807 8(
2288 1761 2406 1823 qvi-

247 1860 363 1921 dem
385 1873 505 1904 suos
528 1857 795 1902 allocutus
815 1856 1044 1918 rogavit,
1070 1863 1130 1901 ut
1159 1855 1243 1901 illi
1266 1871 1482 1902 manum
1507 1856 1790 1918 injicerent.
1866 1856 2126 1901 Gudruna
2152 1859 2327 1898 autem
2353 1851 2407 1896 in

246 1947 489 1997 tabulato
502 1945 732 1992 consedit
747 1953 1052 1991 transverso
1071 1943 1116 1991 ὃς
1129 1946 1278 2006 apud
1289 1960 1403 1991 eam
1418 1945 1658 1991 mulieres
1673 1945 1937 2008 capitibus
1948 1943 2124 1989 linteis
2140 1940 2407 1988 obvolutis.

249 2038 360 2095 Qvo
380 2036 479 2106 illa
510 2041 772 2096 comperto
797 2031 832 2078 ἂ
856 2032 1094 2094 nuptiali
1118 2047 1329 2077 scamno
1350 2033 1658 2079 descendens
1684 2051 1803 2079 suos
1826 2032 2051 2095 rogavit,
2075 2039 2133 2077 ut
2150 2032 2407 2077 Gannaro

249 2142 396 2189 opem
405 2125 624 2185 ferrent,
640 2138 729 2168 nec
742 2122 842 2168 ulli
854 2121 1053 2168 homini
1056 2128 1357 2183 parcerent,
1370 2121 1451 2184 qvi
1463 2121 1572 2168 illis
1583 2123 1657 2167 ad
1661 2130 1969 2169 versaretura
2009 2122 2279 2167 Gudrunae
2294 2127 2411 2165 erat

248 2215 433 2264 cohors
444 2213 610 2259 multo
630 2212 814 2275 major.
873 2209 1239 2272 Jamqvealius
1254 2225 1425 2256 rerum
1445 2220 1868 2275 aspectus,-atqve
1881 2228 1915 2257 a
1921 2211 2194 2274 princ-'ipio
2199 2210 2406 2270 fuerat.

249 2305 446 2352 Snorro
470 2300 712 2350 Antistes
747 2308 855 2346 tum
878 2298 1194 2344 intercedere
1216 2306 1367 2361 atqve
1394 2315 1608 2361 rogare,
1653 2309 1711 2347 ut
1728 2301 1813 2347 hic
1840 2302 2114 2346 sedaretur
2142 2299 2408 2345 tumultus.
2485 2290 2487 2295 ¹

255 2392 387 2453 Tibi,
415 2390 592 2456 inqvit‚
626 2387 928 2436 leorkelle!
971 2378 1290 2434 tutissimum
1309 2397 1388 2434 est
1408 2388 1546 2435 lianc
1561 2405 1668 2438 rem
1692 2406 1797 2437 non
1821 2388 1975 2436 tanta
1997 2389 2234 2451 perseqvi
2258 2389 2411 2436 velze-

246 2483 461 2539 mentia,
484 2483 694 2544 jamqve
713 2477 1015 2540 conspicies,
1051 2493 1206 2540 qvam
1223 2492 1476 2539 generosa
1499 2479 1700 2526 indoles
1724 2481 1996 2526 Gudrunae
2022 2478 2165 2537 insit,
2201 2479 2244 2524 si
2270 2478 2412 2525 utri—

247 2589 340 2637 qve
370 2579 608 2618 nostrum
637 2574 957 2630 potestatem
990 2565 1223 2635 adimere
1256 2566 1414 2613 valet.
1493 2568 1768 2616 Thorkello
1810 2583 2098 2631 synonymo
2122 2564 2219 2611 sibi
2243 2566 2287 2611 T
2284 2566 2414 2611 hor-

249 2662 400 2716 kello‚
440 2658 608 2706 Geitis
615 2656 755 2717 filio,
791 2672 844 2701 se
861 2655 1174 2718 promisisse
1196 2655 1461 2715 confessus
1490 2665 1594 2704 est:
1633 2659 1946 2705 Gunnarum
1972 2656 2214 2712 occidere,
2252 2655 2297 2699 si
2321 2672 2410 2700 oc·-

251 2750 562 2797 cidentalem
602 2746 860 2808 regionem
895 2745 1086 2790 adiret.
1181 2745 1251 2792 Et
1288 2745 1380 2790 ille
1412 2746 1634 2808 qvislem,
1690 2748 1879 2811 inqvit,
1941 2744 2246 2792 leorkellus
2283 2745 2414 2790 milzi

251 2837 600 2884 amicissimus
619 2843 712 2881 est.
746 2893 749 2897 Ι
785 2835 983 2881 Snorro
1011 2833 1174 2879 dixit:
1216 2835 1383 2880 multo
1405 2836 1622 2896 gravior
1641 2837 1922 2883 necessitas
1944 2833 2039 2879 tibi
2066 2834 2320 2894 injungit,
2357 2842 2415 2879 ut

253 2935 448 2974 nostrae
471 2924 737 2973 voluntati
774 2922 1100 2985 obtemperes
1126 2920 1177 2970 ὃς
1217 2923 1312 2969 tibi
1344 2923 1545 2986 qvidem
1581 2926 1688 2989 ipsi
1713 2926 1809 2972 lzoc
1825 2923 2048 2970 maxime
2074 2930 2150 2969 est
2174 2938 2416 2969 necessa-

255 3015 418 3072 rium,
456 3029 579 3059 nam
605 3013 762 3059 talem
787 3028 1021 3071 uxorem,
1059 3013 1228 3076 qvalis
1259 3014 1642 3069 Gudrunaest,
1678 3014 1827 3059 haud
1848 3011 2130 3067 invenires,
2166 3011 2286 3057 licet
2311 3013 2417 3058 late

259 3103 526 3167 qvoeritas.
599 3104 832 3164 Propter
860 3102 1142 3148 Snorronis
1176 3099 1346 3166 itaqve
1379 3101 1578 3147 monita
1604 3098 1653 3147 8<
1676 3102 1808 3164 qvod
1837 3101 1986 3147 illum
2002 3117 2125 3148 vera
2164 3102 2298 3163 loqvi
2331 3103 2415 3147 in-

259 3181 530 3255 telligebat
570 3191 877 3239 Thorkellus
913 3192 1127 3238 sedatus
1167 3183 1258 3239 estss
1348 3193 1634 3243 Gunnarus
1666 3205 1785 3239 vero
1818 3207 1875 3238 eo
1911 3207 2119 3253 vespere
2147 3192 2414 3245 abductus.

2054 3282 2093 3327 P
2117 3299 2147 3343 p
