2956 3854
1225 249 1354 304 287

199 390 481 482 provenire
501 416 771 480 intelligo.
862 412 1170 477 Thorgilsus
1195 414 1454 476 extemplo
1472 430 1690 478 surgens
1711 403 2021 480 colloqvium
2035 415 2187 478 finiit
2215 420 2372 465 valde

207 508 292 554 ira
312 522 600 562 succensus,
638 504 871 568 adiitqve‘
895 504 1106 551 comites
1125 501 1299 549 dicens
1320 519 1373 549 se
1391 503 1538 550 abire
1561 506 1704 553 velle.
1785 507 2058 552 Thorleiko
2079 508 2217 553 male
2232 504 2370 570 pla—-

205 597 329 660 cuit,
366 597 502 659 qvod
523 612 604 642 res
631 595 709 640 ita
733 602 864 640 esset
889 592 1137 638 instituta
1170 591 1249 637 uti
1282 591 1557 655 leorgilso
1585 594 1911 658 displiceret3
1945 596 2156 642 Bollius
2174 613 2294 644 vero
2317 598 2371 643 in

203 687 287 733 his
309 686 500 732 matris
538 683 803 731 voluntati
844 680 1134 728 consentiit.
1222 680 1482 727 Gudruna
1535 699 1586 728 se
1623 683 1954 745 Thorgilsum
1984 685 2372 745 praestantibus

199 774 496 822 muneribus
510 773 829 818 donaturam
840 769 1305 832 promisiteumqve
1323 757 1402 815 ita
1419 769 1519 815 sihi
1532 772 2009 818 reconciliaturam.
2062 773 2107 817 T
2104 773 2134 818 h
2143 774 2370 819 orleikus

199 863 414 925 negavit
433 876 701 926 munerum
717 860 939 922 aliqvem
956 859 1269 918 usumfore.‚·
1309 859 1584 921 Thorgilso
1599 860 1749 919 enim,
1776 860 1959 923 inqvit,
1983 862 2151 907 multo
2173 862 2367 907 elatior

197 952 422 1014 spiritus
454 951 597 1001 inest⁴
631 965 783 1013 qvam
816 948 903 1010 qvi
945 946 1237 1008 crepundia
1268 954 1382 1009 eum
1402 951 1680 1011 acceptare
1712 950 2012 1010 permittat.
2100 950 2367 1004 Gudruna

200 1048 309 1088 tum
331 1038 644 1092 illum-domi
685 1036 1071 1086 consolandumz
1085 1035 1216 1094 fore
1259 1035 1562 1096 affirmavit.
1639 1037 1756 1082 His
1777 1036 2015 1098 peractis
2061 1038 2108 1083 T
2103 1038 2369 1099 lzorgilsus

200 1116 445 1178 cums-suis
484 1126 755 1176 sodalibus
788 1122 1292 1186 Helgafelloxabiit‚
1337 1125 1560 1171 domum.
1575 1125 1821 1186 per-venit
1854 1124 2091 1188 Tangam
2118 1127 2193 1171 ad
2216 1142 2368 1189 prae-

199 1213 349 1277 dium
359 1224 514 1263 ‘suum
524 1248 542 1273 ,
577 1222 735 1280 suam?
747 1212 1096 1263 conditionem
1116 1213 1568 1276 peroegreferens.

1083 1340 1514 1435 'CAP;66.²
1672 1393 1680 1400 ·

421 1519 426 1527 .
460 1460 593 1530 Hac
612 1482 793 1546 hyeme
805 1482 1014 1544 Osvif'us
1033 1482 1210 1530 morbo
1226 1490 1498 1546 correptus
1512 1481 1821 1546 exspiravit.
1855 1480 2064 1546 Magna
2076 1482 2175 1530 illa
2191 1485 2367 1531 clades

197 1570 333 1630 visa,
364 1586 593 1621 summus
614 1571 751 1618 enim
773 1573 1055 1634 sapientiae
1072 1573 1156 1620 vir
1163 1572 1298 1633 fuit.
1359 1572 1566 1631 Osvifus
1580 1571 1881 1633 Helgafelli
1898 1575 2136 1634 sepultus
2158 1583 2257 1634 est3
2294 1574 2366 1620 ibi

198 1651 340 1709 enim*
359 1661 607 1723 templum
634 1661 895 1706 Gudruna
911 1661 1216 1707 struendum
1236 1668 1530 1708 curaverat.
1562 1660 1760 1707 Eadem
1781 1660 1961 1723 hyeme
1974 1662 2177 1719 Gestus,
2217 1665 2367 1711 Odd-

198 1747 496 1809 leiflfllius·,
546 1748 601 1795 in
621 1734 854 1795 morbum
891 1748 1107 1809 incidit,
1144 1749 1226 1812 qvi
1236 1765 1389 1812 qvam
1417 1748 1543 1796 vitoe
1559 1749 1859 1811 periculum
1876 1750 2076 1796 minari
2095 1744 2375 1822 occeperit„¹
2443 1783 2446 1786 Δ

201 1836 465 1896 fflordn'm
487 1838 697 1901 Lagum
730 1834 1348 1900 (brevemyfiliumsuum
1386 1839 1465 1884 'ad
1500 1854 1561 1884 se
1574 1846 1830 1885 ‘vocatum
1847 1839 1946 1885 ‘ita'
1964 1840 2230 1886 allocutus
2261 1850 2366 1887 est:

195 1924 255 1975 id
272 1939 387 1974 mea
398 1926 519 1987 fert
554 1927 762 1990 opinio,
810 1935 869 1973 ut
902 1926 998 1972 iste
1024 1925 1233 1973 morbus
1261 1927 1681 1974 consvetudinem
1714 1936 1952 1975 nostram
1976 1928 2151 1990 finiat.
2222 1931 2363 1976 Hel-

189 2013 443 2076 gaf'ellum
465 2032 557 2078 ego
579 2004 777 2076 deferri
797 2016 1046 2077 postulo‚·
1084 2015 1129 2061 is
1150 2016 1286 2062 enim
1321 2017 1464 2064 locus
1490 2011 1650 2062 in'liis
1671 2017 1835 2079 pagis
1866 2018 1967 2064 erit
1988 2019 2361 2075 celeberrimus,

192 2118 317 2149 nam
331 2104 503 2150 lumen
524 2106 635 2151 loco
660 2105 1028 2167 superfulgens
1052 2121 1192 2167 saepe
1211 2104 1469 2167 conspexi.
1544 2105 1651 2151 His
1671 2106 1827 2151 dictis
1855 2107 2159 2169 exspiravit.
2231 2110 2361 2155 Fri-

185 2191 318 2253 gida
343 2192 442 2238 illa
453 2193 647 2253 fuerat
671 2194 850 2255 hyems
874 2209 939 2238 ac
965 2209 1116 2256 aqvae
1145 2195 1254 2239 late
1268 2195 1443 2256 glacie
1478 2194 1690 2240 obtectoe
1712 2196 2028 2260 multumqve
2048 2198 2102 2244 in
2126 2199 2360 2245 Breicla-

178 2278 413 2339 fiordum
449 2282 650 2343 glacies
682 2289 966 2344 protensa,
1021 2290 1080 2327 ut
1133 2299 1294 2329 naves
1339 2299 1401 2328 ex
1439 2283 1862 2331 Bardastranda
1904 2288 2044 2333 exire
2082 2289 2359 2351 neqvirent.

193 2368 343 2414 Gesti
365 2384 556 2431 corpus
579 2373 714 2416 duas
741 2379 915 2417 noctes
940 2371 1094 2434 Hagi
1115 2370 1370 2417 adstabat
1378 2387 1397 2431 5
1447 2373 1626 2417 eadem
1659 2382 1836 2420 autem
1872 2385 2018 2422 nocte
2057 2385 2210 2422 tanta
2243 2387 2359 2424 orta

194 2464 491 2518 tempestas,
530 2468 590 2506 ut
614 2461 779 2506 omnis
795 2460 996 2522 glacies
1013 2477 1047 2506 a
1071 2469 1215 2506 terra
1235 2461 1640 2522 propelleretur.
1690 2464 1913 2509 Postera
1942 2474 2118 2512 autem
2143 2468 2226 2514 die
2242 2483 2359 2514 coe-

192 2545 300 2591 lum
324 2548 509 2615 sudum
535 2564 599 2593 ac
622 2550 981 2610 tranquillum.
1071 2550 1118 2596 T
1113 2549 1311 2594 lzordus
1349 2550 1587 2596 deductae
1621 2551 1745 2598 navi
1778 2554 1925 2599 Gesti
1970 2571 2159 2617 corpus
2188 2557 2361 2618 impo-

132 2667 135 2670 -
190 2633 298 2680 suit
315 2633 360 2681 ὅτ
385 2651 441 2681 eo
462 2636 658 2698 qvidem
681 2637 763 2682 die
783 2637 1057 2684 meridiem*
1075 2633 1252 2684 versus
1275 2639 1657 2699 Breidafj'ordo
1696 2643 1932 2702 trajecto,
1982 2660 2188 2705 vespere
2220 2645 2359 2689 ΗΘΖ-

184 2723 444 2785 gafellum
453 2740 733 2787 pervenere
747 2742 766 2785 5
803 2725 1017 2788 benigne
1035 2728 1274 2773 leordus
1290 2727 1360 2772 ihi
1385 2737 1628 2790 exceptus
1641 2746 1661 2787 ;
1682 2730 1764 2775 vibi
1783 2748 1883 2793 per
1902 2741 2099 2777 noctem
2113 2731 2361 2793 hospita-

189 2810 360 2858 batur.
454 2815 701 2876 Seqvente
731 2815 814 2861 die
851 2816 1000 2862 Gesti
1020 2832 1210 2878 corpus
1244 2818 1519 2878 sepultum.
1611 2819 1820 2879 Osvifus
1842 2836 1906 2864 ac
1950 2822 2137 2866 Gestus
2183 2822 2358 2866 eodem

192 2902 390 2947 tumulo
429 2903 640 2948 conditi.
742 2899 1176 2967 Jamqveeventu
1202 2904 1438 2967 probata
1493 2907 1640 2953 Gesti
1681 2907 1967 2954 divinatio:
2023 2887 2105 2954 eos
2145 2909 2358 2956 invicem

187 2990 463 3035 viciniores
477 2991 636 3050 fore,
688 3009 837 3054 qvam
875 2999 1024 3056 'qvam
1060 2995 1200 3040 alter
1229 2995 1658 3041 Barclastrandoe
1680 2987 1823 3057 ¹alter
1861 3013 1981 3043 vero
2014 2998 2359 3061 Soelingsdals

189 3087 365 3138 tungae
389 3078 685 3138 habilavit5
741 3081 979 3128 Thordus
1001 3084 1185 3144 Lagus
1209 3084 1539 3146 lcisperactis
1567 3085 1774 3129 domum
1801 3086 1973 3143 rediit,
2017 3096 2162 3133 nocte
2186 3098 2361 3134 citatem

186 3176 416 3229 seqvente
441 3169 707 3216 vell-emens
736 3179 855 3216 orta
880 3180 956 3216 est
972 3177 1273 3234 tempestas,-
1313 3173 1572 3235 omnisqve
1591 3174 1792 3235 glacies
1814 3176 1888 3221 ad
1910 3184 2105 3223 terram
2124 3178 2356 3240 repulsa,
