2956 3854
1262 281 1387 336 231

236 452 446 500 modum
481 445 887 512 erat-affabilis.
960 441 1115 492 Nulli
1142 442 1374 503 -Hrefna
1416 449 1543 505 post
1583 443 1910 506 Kjartanum
1954 444 2067 493 viro
2101 453 2272 508 nupta
2319 455 2411 493 est.

233 543 518 605 Postquam
549 538 625 584 ad
658 535 895 583 borealia
925 532 1198 597 pervenit,
1234 531 1375 580 brevi
1412 531 1545 579 vixit
1580 529 1630 578 8<
1663 532 1863 596 qvidem
1882 533 2076 595 ferunt
2109 534 2260 581 illam
2289 551 2413 599 prce

233 644 464 676 moerore
498 627 811 674 exstinctam
836 639 960 675 esse.

1165 779 1342 839 CAP.
1378 782 1478 840 LI.

499 869 770 957 K'jartani
794 893 970 954 funus
998 906 1097 957 per
1130 907 1294 938 unam
1329 892 1683 954 septimanam
1716 892 2104 956 Hj'ardarlzolti
2140 893 2408 940 adstabat.

238 983 578 1041 Thorsteinus
622 983 792 1045 Egilli
820 982 1000 1044 filius,
1051 982 1303 1043 templum
1335 981 1928 1043 Borgaeexstruxerat5
1982 984 2189 1028 domum
2223 983 2408 1046 -itaqve

222 1072 479 1136 Kjartani
524 1087 714 1134 corpus
773 1087 945 1117 secum
1003 1069 1178 1117 avexit
1191 1085 1210 1128 5
1281 1068 1360 1114 ita
1409 1069 1713 1131 Kj'artanus
1764 1071 1960 1133 Borgae
2008 1072 2248 1132 sepultus
2299 1081 2405 1117 est:

223 1163 407 1224 Nupe'r
444 1161 697 1223 templum
735 1167 844 1205 tum
890 1166 1008 1204 erat
1045 1158 1317 1204 initiatum
1353 1165 1508 1220 atqve
1542 1158 1718 1204 adhuc
1755 1158 1811 1205 in
1853 1160 2188 1206 candidis.
2283 1161 2405 1206 Jam

223 1251 299 1297 ad
333 1250 546 1295 comitia
589 1247 970 1296 leornesensia
1025 1255 1229 1309 tempus
1277 1247 1583 1302 deductum,
1639 1241 1844 1311 tumqve
1897 1249 2073 1296 Osvivi
2103 1248 2244 1310 filiis
2292 1250 2403 1295 dies

226 1340 373 1386 dicta
407 1336 458 1385 &
493 1355 665 1394 omnes
700 1338 903 1402 quidem
938 1337 1135 1401 capitis
1170 1336 1442 1396 damnati,
1491 1337 1722 1400 pecunia
1761 1345 1936 1384 tamen
1970 1339 2101 1384 data
2142 1339 2403 1400 impetra-

226 1437 362 1488 tum,
408 1412 475 1475 'ut
511 1429 623 1474 illis
659 1434 999 1474 commeatum
1030 1425 1270 1489 praebere
1305 1426 1512 1483 liceret,
1580 1434 1753 1474 tamen
1783 1427 1955 1476 redire
1994 1428 2143 1474 haud
2171 1426 2404 1489 permis-

225 1532 365 1578 sum,
406 1519 529 1564 dum
561 1518 752 1581 aliqvis
785 1517 944 1565 Olavi
970 1515 1213 1577 filiorum
1247 1524 1345 1562 aut
1375 1515 1662 1580 Asgeirus‚
1705 1517 1965 1580 Kj'artani
1980 1516 2136 1577 filius
2179 1516 2235 1561 in
2273 1516 2402 1563 vivis

223 1609 430 1656 ευριπ(
489 1607 764 1669 Gudlaugi
795 1613 1002 1663 autem,
1052 1597 1225 1654 Os‘vivi
1260 1622 1322 1654 ex
1354 1622 1532 1652 sorore
1557 1606 1793 1671 nepotis,
1847 1607 2011 1652 coedes
2047 1606 2271 1668 piaculo
2303 1620 2401 1649 ca-

221 1699 347 1750 ruit,
355 1705 648 1760 propterea
682 1697 819 1759 qvod
842 1696 1171 1758 chnrtanum
1203 1701 1336 1742 esset
1369 1711 1650 1757 aggressus
1701 1695 1840 1757 eiqve
1875 1695 2161 1741 insidiatus
2173 1727 2188 1748 ‚
2247 1710 2404 1756 neqve

227 1786 479 1852 =Thorols'o
505 1786 620 1832 ulla
646 1801 888 1831 concessa
913 1783 1130 1830 honoris
1155 1783 1422 1829 restitutio
1450 1791 1777 1846 propterea,
1816 1800 1929 1848 qvae
1949 1790 2242 1846 acceperat,
2278 1783 2401 1829 vul-

194 1872 363 1923 nera.
438 1875 638 1923 Olavus
664 1875 903 1922 Bollium
934 1854 1183 1919 accusari
1218 1873 1390 1919 noluit
1421 1873 1748 1936 rogavitqve,
1778 1923 1783 1927 .
1808 1881 1867 1919 ut
1894 1873 1978 1919 illi
2014 1874 2202 1919 caedem
2234 1888 2401 1934 pecu-

219 1967 312 2012 nia
342 1965 559 2028 expiare
575 1965 987 2027 permitteretur.
1089 1962 1370 2009 Haldorus
1410 1962 1522 2008 liceo
1558 1979 1623 2008 ac
1647 1963 1956 2009 Steindorus
1985 1960 2035 2009 8<
2075 1978 2245 2008 omnes
2284 1960 2398 2023 qvi-

219 2044 520 2101 dem⁵Olavi
534 2054 648 2115 filii
671 2052 939 2115 aegerrime
960 2051 1220 2108 tulerunt,
1269 2050 1459 2113 sibiqve
1480 2068 1643 2113 grave
1659 2052 1911 2111 futurum
1939 2051 2301 2113 affirmarunt,
2353 2049 2398 2094 si

216 2142 426 2190 Bollius
483 2143 538 2188 in
595 2143 770 2188 eodem
824 2157 969 2204 pago
1001 2149 1339 2186 'moraretun
1449 2141 1649 2187 Olavus
1702 2141 1814 2199 hoo,
1869 2140 2118 2203 qvamdiu
2176 2140 2286 2201 ipse
2343 2139 2398 2183 in

215 2231 351 2279 vivis
401 2231 575 2292 foret,·
653 2231 776 2278 bene
832 2246 1110 2277 cessurum·
1159 2229 1499 2291 confirmavit.
1629 2230 1801 2277 Navis
1858 2230 1912 2275 in
1969 2229 2390 2288 Biarnarliafna

219 2320 500 2380 adstabat,
566 2337 679 2384 qvae
710 2319 944 2367 Auduno
978 2327 1096 2365 erat
1129 2320 1522 2381 Festargarmo.
1593 2319 1696 2365 Ille
1733 2319 1788 2364 in
1825 2310 2272 2365 comitiis'aderat
2305 2326 2397 2363 at·-

219 2426 308 2474 qve
364 2410 441 2462 ita
489 2409 822 2473 loquebatur:
882 2409 1002 2473 jam
1046 2409 1103 2454 id
1152 2409 1526 2464 miserrimum,
1597 2409 1733 2470 qvod
1774 2408 1866 2454 isti
1905 2409 2009 2456 viri
2053 2409 2200 2455 haud
2245 2415 2399 2455 erunt

218 2501 274 2557 in
294 2500 570 2563 Norvagia
600 2500 772 2546 minus
797 2499 897 2559 rei,
956 2499 1003 2545 si
1036 2498 1297 2562 Kjartani
1319 2497 1479 2543 amici
1514 2497 1701 2543 ibidem
1746 2498 1799 2543 in
1834 2498 1968 2544 vivis
2005 2508 2141 2545 sunt.
2258 2499 2399 2544 Tunc

218 2589 355 2635 dixit
395 2572 647 2636 Osvivus:
684 2597 800 2646 tua,
846 2597 1227 2635 catenarum
1279 2587 1503 2632 canis!
1562 2586 1711 2633 haud
1745 2595 1869 2632 rata
1907 2597 2061 2634 erunt
2095 2590 2263 2646 diota,
2302 2586 2400 2632 mei

218 2667 353 2726 enim
374 2677 488 2740 filii
526 2696 560 2724 a
589 2678 930 2741 principibus
963 2678 1147 2740 magni
1187 2675 1623 2735 oestinzabuntur5
1691 2684 1746 2722 tu
1770 2685 1961 2737 autem,
2001 2685 2397 2723 catenarum

218 2759 432 2815 oanis!
457 2769 559 2815 hac
584 2760 825 2815 aestatea
855 2766 1177 2814 doemonibus
1207 2767 1310 2813 eris
1330 2765 1561 2812 ablatus·
1630 2758 2315 2828 AudunusFestargarmus
2337 2779 2399 2808 ea

218 2864 405 2905 oestate
425 2874 643 2921 peregre
667 2859 943 2921 profectus
971 2858 1046 2904 ad
1067 2859 1321 2920 Faereyas
1344 2856 1483 2917 fecit
1503 2855 1865 2917 naufragium.
1940 2855 2024 2901 Ibi
2059 2870 2231 2902 omnes
2253 2868 2399 2898 mor-

219 2945 354 3011 tales
375 2946 633 3004 interiere,
669 2949 751 3011 qvi
773 2949 902 2998 navi
925 2942 1276 3009 insuerant*).
1344 2945 1498 2992 'Tunc
1531 2944 1708 2991 Osvivi
1729 2944 2039 2991 vaticinium
2062 2952 2245 2991 eventu
2273 2959 2400 2988 con·-

250 3078 294 3123 *)
330 3076 421 3117 Hic
454 3080 669 3120 authorem
707 3083 837 3131 liujus
884 3097 1005 3135 sagoe
1039 3082 1410 3122 anachronismum
1459 3080 1715 3117 commisisse
1754 3077 1868 3115 docet
1922 3078 2105 3117 historia
2148 3076 2401 3125 Glmlllctllgb'

348 3158 395 3195 V
390 3157 677 3210 ermilingvis‚
720 3175 837 3208 qvem
863 3162 1104 3200 Audit-nnus
1131 3161 1461 3210 Festargarmus
1493 3170 1603 3194 anno
1640 3159 1760 3199 1006
1786 3157 1849 3188 mc
1877 3159 2033 3190 exteros
2059 3155 2184 3192 vexit.
2273 3155 2398 3192 Circa

344 3234 514 3272 eundem
548 3249 704 3273 annum
739 3235 899 3274 Olavus
928 3236 1051 3273 Pavo
1083 3240 1250 3270 naturae
1287 3228 1475 3267 reddidit
1507 3227 1704 3268 debitum.
