2956 3854
0 932 21 962 Σ,
0 835 27 914 ιμ’-,ε
0 748 25 822 ψη

1277 251 1399 302 131

252 415 348 464 ubi·
368 415 458 462 ille
488 414 584 462 tibi
617 412 672 463 in
695 413 1633 478 Hvammsffib‘rdumproruere:visus
1645 416 1671 470 ,'
1716 417 1868 463 credo
1897 418 2048 465 illum
2078 418 2216 466 hunc
2244 419 2426 483 ipsum:

250 506 433 555 sinum„
457 506 643 552 ultimo
670 505 794 553 vitoe
822 512 1051 572 tempore
1087 501 1386 562 adamum,-
1410 517 1524 548 ›nec
1555 502 1713 564 hujus
1741 507 1929 551 somnii
1957 508 2301 569 prolixiorem
2323 526 2416 570 ex-

243 595 613 656 planationem
633 592 867 640 exhihea-
881 591 1176 669 Gudruna,
1206 591 1329 647 dum
1354 592 1544 638 Gestus
1566 593 1770 638 somnia
1794 594 2250 659 interpretaretur,
2273 599 2417 644 mul-

249 690 356 747 tum
377 682 612 751 erubuit,-
646 681 851 727 nullum
873 687 1046 726 tamen
1065 678 1275 746 verbum
1296 655 1599 747 loqvebatur
1621 690 1896 746 antequam
1913 685 2102 730 Gestus
2126 702 2275 732 suum
2299 702 2415 732 ser-

186 795 191 797 -
243 760 443 818 monem
456 744 733 846 finivisset.
790 769 837 815 T
833 785 918 815 um
942 759 1201 815 Gudruna
1213 754 1496 840 faustiora
1508 804 1525 835 ,
1563 770 1752 834 inqvit,
1780 773 2056 838 praesagia
2082 774 2134 820 in
2156 774 2239 820 liis
2261 791 2415 837 repe—

245 850 426 918 ri'sses,
470 859 519 904 si
549 874 641 922 ego
676 856 754 904 ita
787 873 895 905 rem
931 858 1253 919 retulissem;
1305 875 1479 906 verum
1509 867 1683 906 tamen
1707 861 1923 922 gratias
1950 862 2044 908 tibi
2066 875 2171 925 ago
2189 877 2291 925 pro
2314 864 2416 909 hac

245 942 623 1009 explanatione
647 947 983 993 *somniorum-
1052 946 1315 1008 ·Magnu·m
1341 955 1513 993 tamen
1533 949 1720 1007 fatum
1750 949 1995 1007 imminet,
2024 950 2070 995 si
2101 951 2213 996 hoec
2240 953 2425 998 omnia

245 1031 575 1088 erunte'rat'ass
622 1031 781 1082 :Tum
813 1032 1072 1081 Gudrzina
1103 1033 1325 1080 'Gestam
1359 1036 1555 1082 ‘iterum
1592 1038 1828 1099 rogavit,
1863 1046 1921 1083 ut
1959 1054 2020 1083 ea
2043 1039 2141 1084 die
2171 1039 2244 1084 ibi
2271 1056 2414 1086 com-

244 1132 572 1191 moraretur,
607 1124 784 1170 dicens
811 1123 963 1170 illum
985 1109 1276 1184 sapientem
1303 1125 1616 1177 cumOsvivo
1639 1142 1921 1172 sermonem
1941 1126 2260 1174 habiturum.
2311 1129 2414 1175 Ille

243 1212 548 1281 respondit
593 1212 716 1258 Jam
737 1212 946 1276 'qvidem
970 1229 1063 1275 ego
1095 1212 1195 1258 iter
1225 1213 1305 1259 uti
1338 1213 1549 1260 institui
1564 1215 1805 1275 faciam,
1846 1231 2022 1263 verum
2059 1225 2233 1263 tamen
2256 1218 2414 1280 patri

240 1315 410 1346 meam
437 1277 814 1371 salutationem
840 1302 1029 1348 nuntia
1055 1310 1206 1365 atqve
1231 1302 1343 1364 Ῐιιεο
1368 1303 1528 1350 simul
1545 1321 1658 1350 mea
1686 1304 1870 1351 verba:
1915 1320 2021 1351 rem
2043 1322 2099 1352 eo
2122 1315 2412 1366 venturam,

243 1376 303 1434 ut
322 1388 456 1434 mihi
484 1364 847 1437 habitaculum
873 1391 943 1436 sit
973 1392 1151 1438 Osvivi
1177 1392 1327 1438 domo
1346 1392 1569 1439 vicinius
1595 1401 1747 1456 qvam
1775 1393 1914 1439 illud
1934 1409 2071 1439 nunc
2097 1403 2198 1452 est,
2235 1392 2412 1442 &tum

243 1475 356 1522 erit
369 1464 633 1542 colloqvii
627 1474 871 1543 q'vi'dem
864 1476 1044 1542 copia,
1061 1479 1124 1526 si
1149 1464 1305 1526 nulla
1328 1481 1443 1527 alia
1478 1497 1561 1527 res
1597 1481 1747 1528 obsit.
1795 1482 2002 1529 Deinde
2027 1484 2286 1530 Gudruna
2314 1486 2420 1531 do-'

241 1564 383 1612 mum
412 1568 588 1614 rediit.
647 1569 838 1615 Gestus
870 1576 1045 1615 autem
1075 1549 1375 1631 profectus,
1409 1569 1683 1630 famulum
1720 1571 1874 1618 Olavi
1905 1572 1980 1617 ad
2005 1587 2269 1633 aggerem,
2321 1588 2412 1634 qvo

243 1647 462 1718 canipus
487 1652 642 1703 villoe
669 1657 946 1720 proximus
981 1655 1338 1703 circumdatus
1371 1654 1516 1716 erat,
1552 1659 1805 1706 convenit.
1876 1659 1979 1705 Ille
2000 1661 2212 1706 Gestum
2259 1661 2413 1707 Olavi

243 1744 430 1794 nuntio
457 1745 914 1808 JIjardarlzoltum
946 1745 1212 1793 invitavit.
1298 1745 1487 1793 Gestus
1511 1762 1572 1792 ea
1601 1747 1684 1793 die
1714 1749 1938 1795 Olavum
1972 1765 2024 1794 se
2046 1758 2412 1797 conventurum

243 1841 598 1880 verumtamen
627 1834 1025 1897 Thykkvaskogi
1054 1834 1326 1897 hospitari
1357 1851 1417 1899 se⁴
1434 1835 1566 1885 velle
1592 1835 1902 1900 affirmavit3
1938 1838 2182 1899 famulus
2207 1839 2412 1885 domum

243 1920 472 1988 rediere-⁹,
500 1939 606 1969 rem
636 1923 716 1969 uti
746 1932 870 1969 acta
904 1933 1045 1982 erat,
1092 1925 1311 1970 Olavum
1337 1923 1527 1968 docuit.
1607 1926 1802 1972 Olavus
1823 1943 1970 1989 eqvos
2005 1928 2201 1972 adduci
2222 1927 2411 1989 jubens

195 2016 198 2019 '
244 2024 360 2055 cum
375 2012 569 2072 paucis
583 2013 740 2057 Gesto
757 2011 956 2057 obviam
978 2029 1097 2074 eqvo
1117 2012 1345 2070 vehitur3
1382 2012 1458 2057 ad
1476 2027 1622 2057 mare
1647 2013 1731 2057 illi
1747 2015 1987 2059 occurrit.
2057 2016 2240 2060 Laetus
2261 2015 2412 2060 illum

247 2098 444 2146 Olavus
466 2099 689 2161 excepit,
725 2115 933 2162 eumqve
970 2116 1085 2146 cum
1113 2108 1220 2145 toto
1246 2099 1394 2145 illius
1417 2100 1669 2145 comitatu
1700 2102 1774 2146 ad
1806 2118 1858 2147 se
1894 2101 2149 2150 invitavit.
2225 2103 2411 2149 Gestus

240 2200 344 2249 pro
369 2187 678 2234 invitatione
702 2188 788 2234 illi
811 2204 973 2251 agens
986 2187 1224 2250 gratius,
1269 2189 1344 2233 ad
1379 2187 1531 2234 Olavi
1571 2189 1756 2235 villam
1792 2206 1844 2235 se
1877 2190 2224 2253 eqvitaturum
2262 2200 2411 2254 atqve

245 2277 355 2339 ejus
387 2276 697 2323 habitacula
731 2278 1233 2338 contemplatarum,
1284 2291 1461 2322 verum
1490 2284 1663 2323 tamen
1687 2280 1838 2340 apud
1857 2277 2151 2326 Armodum
2180 2281 2411 2343 hospitio

243 2378 477 2422 usurum,
512 2365 809 2427 affirmavit.
870 2362 1057 2412 Gestus
1083 2364 1220 2412 brevi
1244 2363 1316 2410 ibi
1337 2365 1534 2427 quidem
1557 2376 1796 2413 moratus
1810 2369 2061 2432 pleraqve
2081 2378 2254 2416 tamen
2269 2371 2413 2430 villae

246 2452 503 2515 inspexit,
553 2455 728 2501 omnia
756 2455 1097 2511 collaudans,
1144 2462 1193 2502 et
1222 2454 1276 2499 in
1303 2470 1361 2501 ea
1388 2455 1516 2501 villa
1542 2455 1856 2517 aedificanda
1871 2474 2097 2521 parsum
2119 2477 2227 2505 esse
2243 2475 2411 2522 pecu-

244 2542 349 2588 niae
373 2543 596 2605 negavit.
671 2543 866 2591 Olavus
893 2545 1107 2591 Gestum
1132 2544 1206 2588 acl
1216 2543 1421 2605 flumen
1443 2545 1598 2591 Laxa
1625 2546 1923 2594 comitatur.
2003 2549 2304 2596 Kiartanus
2322 2555 2415 2593 at-

245 2646 334 2694 qve
346 2630 560 2678 Bollius
579 2649 641 2679 ea
665 2633 748 2679 die
762 2634 941 2679 nando
965 2650 1070 2679 sese
1085 2631 1403 2679 exercebant.
1446 2633 1714 2695 Olam‘filii
1730 2636 1784 2682 in
1806 2637 1900 2683 hoc
1914 2637 2414 2701 ludofuereprinci—

244 2736 354 2782 pes,
386 2721 545 2768 etiam
572 2724 634 2768 de
660 2723 786 2769 aliis
807 2722 951 2770 villis
972 2721 1130 2768 multi
1138 2722 1356 2784 juvenes
1379 2722 1546 2769 nandi
1568 2711 1829 2771 exercitiis
1852 2727 2149 2787 interfuere.
2181 2726 2415 2772 Kiarta-

250 2823 349 2855 nus
371 2811 655 2876 acBollius
670 2829 732 2857 ex
745 2828 879 2875 aqva
901 2818 1230 2873 emergenteS,
1252 2811 1460 2857 cohorte
1471 2813 1549 2857 ad
1567 2829 1619 2858 se
1641 2815 1901 2876 eqvitante
1915 2823 2209 2878 conspecta,
2227 2813 2414 2876 pluri-

248 2909 337 2943 ma
362 2898 643 2946 induerant
663 2901 986 2957 vestimenta,
1022 2900 1327 2947 adveniente
1343 2901 1499 2947 Gesto
1521 2910 1674 2965 atqve
1691 2901 1873 2949 Olaoo.
1928 2905 2115 2950 Gestus
2134 2904 2417 2967 paulisper

252 2980 476 3033 intuitus
499 2990 710 3049 juvenes
736 2989 943 3052 rogavit
969 2991 1202 3049 Olavum,
1236 2989 1323 3036 ubi
1340 2989 1641 3037 Kiartanus
1677 2992 1968 3038 consideret
1992 3001 2141 3056 atqve
2165 2993 2252 3040 ubi
2277 2992 2416 3040 Bol-

431 3134 482 3171 qt
476 3121 539 3158 od
554 3123 739 3173 galeam.
803 3124 887 3163 Sed
902 3131 1039 3162 tamen
1062 3131 1182 3162 tanta
1214 3132 1273 3162 est
1302 3126 1412 3162 inter
1433 3123 1513 3162 kas
1546 3138 1662 3163 voces
1696 3127 1790 3163 soni
1810 3127 2068 3174 similitudo,
2096 3135 2142 3167 ut
2169 3129 2260 3180 qvis
2276 3125 2417 3178 facile

432 3183 608 3216 tentetur
631 3178 761 3233 mytki
787 3193 838 3231 qt
831 3180 998 3217 andam
1022 3181 1342 3219 similitudinem
1366 3188 1440 3218 aut
1463 3182 1750 3232 cognationem
1772 3184 1899 3220 etiam
1916 3186 2189 3223 comminisci.

2056 3263 2151 3309 R2
