2956 3854
1324 218 1448 272 115

297 390 394 438 illo
426 388 612 439 navali
645 389 776 453 qvod
802 395 966 452 pater
1001 384 1371 432 exstruendum
1403 393 1700 431 curaverat.
1774 384 2150 433 Geirmundum
2187 386 2381 434 Olavus
2407 389 2482 434 ad

294 495 347 526 se
375 479 634 527 invitavit.
703 480 828 526 Hac
858 475 1276 524 aestate‘Olavus
1308 471 1525 518 diaetam
1555 474 1945 537 IIjardarholti
1984 475 2296 538 ampliorem
2327 485 2479 540 atqve

291 568 787 632 magnificentiorem
809 580 959 628 qvam
995 561 1129 609 alibi
1161 577 1385 625 unquam
1420 570 1686 615 exstructa
1718 564 1803 621 sit,
1840 562 2208 624 aedificandam
2244 565 2448 613 curavit
2459 582 2477 630 3

293 665 450 705 erant
484 654 875 717 enimi‘parietes
895 659 1047 716 atqve
1073 653 1302 698 lacunar
1326 651 1563 714 antiquis
1584 652 1827 699 historiis
1852 651 2134 713 distincta5
2187 662 2342 701 tanta
2365 670 2479 701 cum

293 755 411 809 arte
433 745 532 792 illa
555 751 673 790 erat
693 743 858 788 dioeta
884 742 1173 801 adornata,
1201 750 1261 788 ut
1278 742 1446 788 multo
1465 742 1750 805 pulchrior
1771 742 2035 790 videretur
2057 744 2268 790 remotis
2282 744 2479 807 sippa-

291 834 404 883 riis.
461 832 707 893 Quotidie
722 831 1078 879 Geirmundus‘
1097 849 1201 879 non
1223 833 1423 878 multus
1447 832 1500 878 in
1527 831 1721 878 alienis
1744 831 1983 893 negotiis,
2011 833 2275 897 plerisqve
2295 834 2475 891 durus,

290 923 369 970 ita
391 938 512 972 vero
527 923 835 986 plerumqve
859 922 1108 970 vestitus:
1145 923 1324 968 tunica
1351 921 1513 968 rubra
1542 919 1782 967 coccinea
1808 919 2026 966 indutus
2045 931 2179 981 erat,
2209 930 2260 967 et
2281 922 2475 984 glauco

290 1014 520 1061 amiculo
542 1012 949 1075 superindutus5
995 1013 1243 1059 oudonem
1270 1027 1296 1055 e
1314 1011 1459 1071 pelle
1480 1010 1665 1056 ursina
1695 1008 1870 1069 capite
1888 1009 2161 1070 gestabat,
2199 1010 2478 1073 gladium-

289 1117 378 1164 qve
403 1099 459 1147 in
479 1115 640 1148 manu
651 1115 919 1161 magnum,
946 1096 1302 1158 illudferrum
1324 1115 1415 1145 nec
1437 1106 1657 1162 argento
1675 1096 1997 1154 distinctum,
2018 1107 2230 1144 acutum
2242 1114 2362 1146 vero
2386 1099 2475 1146 la-

290 1196 498 1252 tumque
514 1188 742 1249 ferrum,
778 1204 870 1235 nec
891 1188 1003 1234 ullo
1030 1187 1085 1233 in
1113 1188 1225 1234 loco
1238 1188 1465 1255 ferrugo
1481 1189 1668 1234 inerat.
1703 1188 1866 1233 Illum
1877 1189 2120 1250 gladium
2134 1188 2474 1236 Pedimorso-

287 1292 395 1325 rem
417 1278 893 1338 (FotbitJvocavit,
939 1293 1031 1325 nec
1054 1277 1204 1324 illum
1231 1294 1454 1341 unqvam
1481 1295 1506 1324 e
1526 1294 1689 1324 manu
1714 1278 1929 1324 dimisit.
2007 1275 2164 1324 Brevi
2187 1278 2471 1324 Geirmun-

219 1377 222 1380 ’
288 1366 388 1413 dus
417 1365 489 1413 ibi
516 1376 790 1414 manserat
816 1356 1095 1432 anteqvam
1127 1367 1420 1414 Thuridam
1449 1347 1790 1428 Olavifiliam
1817 1383 2001 1414 amare
2027 1368 2249 1427 occepit,
2288 1367 2469 1413 illius-

235 1472 237 1477 ’
289 1471 379 1519 qve
402 1457 553 1519 apud
580 1457 800 1504 Olavum
827 1457 993 1503 ambit
1016 1456 1259 1528 nuptias,
1319 1458 1409 1502 sed
1434 1445 1892 1519 repudiatusfuit.
1965 1458 2159 1528 Postea
2187 1457 2471 1504 Geirmun-

287 1547 388 1592 dus
400 1546 686 1608 pecuniam
705 1546 1020 1609 leorgerdoe
1042 1547 1273 1608 largitus
1295 1554 1387 1603 est,
1425 1547 1504 1591 uti
1526 1546 1665 1592 lianc
1689 1546 2036 1592 conditionem
2061 1546 2469 1608 adipisceretur,·

289 1634 388 1682 illa
417 1649 538 1683 vero
566 1635 775 1704 'accepit
790 1634 1100 1696 pecuniam,
1144 1634 1294 1680 haud
1317 1634 1452 1681 enim
1491 1643 1608 1680 erat·
1639 1634 1842 1696 exigua.
1912 1635 2119 1682 Deinde
2150 1636 2195 1681 T
2191 1635 2470 1698 lzorgerda,

287 1722 391 1769 Izac
421 1723 485 1768 de
518 1739 574 1768 re
609 1739 723 1768 cum
766 1724 929 1770 olavo
950 1724 1076 1783 fari
1099 1739 1243 1785 orsa,
1303 1724 1605 1787 negavitqve
1629 1735 1779 1789 suam
1800 1725 1986 1771 saltem
2007 1718 2302 1787 opinionem
2317 1725 2470 1785 ferre

272 1810 454 1876 filiam
474 1811 743 1858 honestius
763 1813 1022 1879 elocatum
1050 1814 1151 1875 iri5
1199 1803 1414 1872 etenim,
1461 1814 1652 1878 inqvit,
1703 1814 1925 1877 insignis
1949 1815 2039 1862 ille
2062 1815 2165 1874 vir,
2207 1815 2469 1877 proedives

288 1909 439 1964 atqve
460 1902 644 1964 magni
664 1902 845 1948 animi.
926 1903 1122 1951 Olavus
1152 1903 1454 1966 respondit:
1502 1904 1596 1949 tibi
1622 1904 1676 1949 in
1715 1905 1798 1950 his
1821 1905 1902 1950 uti
1931 1905 1985 1950 in
2014 1906 2218 1951 coeteris
2236 1921 2347 1950 mos
2369 1921 2467 1966 ge-

288 1998 460 2050 retur,
505 1991 605 2036 etsi
638 1990 901 2038 lubentius
935 1993 1035 2038 alii
1064 1994 1178 2040 viro
1215 1993 1506 2054 Thuridam
1541 2001 1764 2054 nuptum
1800 1995 1994 2040 darem.
2065 1995 2325 2040 Discessit
2362 2001 2469 2040 tum

271 2073 601 2143 ⁴Thorgerda
622 2096 719 2125 sua
746 2088 885 2126 sorte
913 2079 1033 2127 bone
1055 2090 1325 2142 contenta,
1363 2090 1515 2144 atqve
1548 2098 1653 2128 rem
1689 2099 1884 2128 omnem
1912 2083 2235 2130 Geirmuudo
2261 2084 2467 2151 elocuta

289 2178 382 2217 est.
453 2170 555 2217 Ille
578 2185 698 2217 vero
714 2186 822 2232 pro
847 2169 1012 2218 verbis
1044 2187 1109 2216 ac
1133 2171 1369 2227 consiliis
1393 2179 1543 2234 atqve
1564 2172 1922 2233 generositate
1943 2172 1990 2217 ei
2009 2173 2223 2233 gratias
2253 2174 2466 2232 referre,-

284 2264 490 2321 tumqve
522 2258 875 2305 Geirmundus
913 2258 1094 2303 uxoris
1120 2259 1433 2320 petitionem
1468 2261 1619 2322 apud
1658 2240 1877 2307 Oiavum
1913 2277 2161 2308 renovare
2173 2278 2191 2322 3
2255 2277 2345 2307 nec
2385 2262 2468 2307 illi

287 2354 398 2393 tum
440 2345 620 2408 aliqva
669 2346 868 2408 objecta
915 2341 1216 2409 difficultas,
1315 2348 1458 2394 Tunc
1499 2349 1738 2396 Thurida
1769 2350 2091 2397 Geirmundo
2125 2353 2467 2414 desponsata,

287 2435 715 2499 destinatumqve,
731 2444 789 2482 ut
802 2434 1192 2498 IIjardarlzolti
1212 2437 1457 2500 nuptiale
1461 2437 1620 2500 fieret
1645 2440 1934 2488 convivium
1960 2457 2139 2489 versus
2156 2441 2311 2504 finem
2335 2441 2468 2503 hye-

285 2525 402 2572 mis.
476 2526 627 2571 Illud
651 2526 937 2574 convivium
973 2525 1240 2572 hominum
1274 2543 1472 2590 magna
1492 2527 1745 2593 freqvens
1776 2531 2143 2592 multitudine,
2193 2541 2300 2578 tum
2334 2530 2468 2578 enim

290 2612 455 2660 diaeta
480 2615 726 2677 perfecte
753 2616 1030 2662 instructa.
1114 2616 1192 2662 Eo
1231 2616 1462 2664 convivio
1511 2618 1667 2680 Ulfus
1713 2620 1847 2682 Uggi
1863 2619 2019 2681 filius
2053 2622 2321 2682 interfuit,
2380 2621 2470 2666 ille

290 2703 614 2754 cantilenam
636 2706 698 2751 de
715 2706 881 2752 Olavo
901 2706 1167 2752 H‘o'skuldi
1188 2705 1309 2766 filio
1332 2708 1486 2770 deqve
1515 2707 1627 2754 illis
1650 2709 1915 2770 historiis,
1950 2728 2059 2774 qvae
2083 2703 2139 2758 in'
2166 2712 2327 2757 diaeta
2343 2709 2470 2772 pic-

293 2799 364 2840 toe
384 2803 555 2853 erant,
585 2796 883 2855 confecerat
904 2812 1118 2858 eamque
1143 2796 1198 2842 in
1222 2796 1319 2842 lzoc
1340 2796 1570 2844 convivio
1587 2798 1835 2859 protulit.
1907 2801 2042 2846 Hoec
2065 2801 2333 2847 cantilena
2362 2814 2470 2863 qvae

287 2884 620 2946 perpulchra
641 2885 838 2948 qvidem
863 2894 964 2946 est,
1003 2885 1283 2933 Cantilena
1309 2887 1370 2933 de
1391 2888 1540 2934 domo
1554 2887 1901 2950 (Husdra'pa)
1926 2897 2159 2936 vocatur.
2234 2890 2472 2936 Cantile-

295 2987 420 3018 nam
461 2974 657 3022 Olavus
686 2974 808 3022 bene
841 2977 1194 3025 remuneravit
1236 2974 1286 3024 8(
1315 2955 1598 3039 magnifica
1640 2977 1786 3022 dedit
1819 2994 2038 3025 munera
2077 2979 2310 3027 omnibus
2343 2978 2474 3026 viris

299 3059 668 3124 nobilioribus,
714 3065 796 3128 qvi
824 3065 976 3112 illum
1009 3065 1312 3116 inviserant.
1382 3066 1463 3115 Ex
1496 3065 1593 3113 hoc
1627 3067 1824 3130 quidem
1857 3069 2086 3118 convivio
2119 3077 2279 3119 aucta
2309 3069 2473 3117 Olavo

296 3150 548 3214 dignitas.

2117 3254 2204 3300 1³2
