2956 3854
1245 255 1374 313 265

153 469 163 477 .
215 438 407 488 autem,
441 427 620 492 inqoit,
665 427 974 497 Thorgilsus
994 425 1150 490 hujus
1172 426 1250 472 rei
1267 424 1594 472 conditonem
1617 440 1724 472 esse
1735 424 1917 486 voluit,
1952 433 2012 472 ut
2023 423 2395 487 measnuptias

215 518 481 564 obtineret.
550 517 673 564 Jam
703 534 795 579 ego
827 526 916 565 vos
948 517 1106 579 hujus
1140 523 1292 561 testes
1310 511 1492 574 facio:
1539 516 1673 578 qvod
1699 531 1790 577 ego
1822 515 2099 577 Thorgilso
2116 514 2392 577 promitto,

214 607 419 653 nullum
432 615 616 652 memet
640 607 693 652 in
706 606 808 655 hac
835 614 994 664 terra,
1013 613 1216 667 praeter
1240 604 1428 666 ipsum,
1443 604 1695 650 maritum
1708 612 2062 666 accepturam,
2097 612 2390 650 exterorum

140 750 142 752 Ι
212 703 388 741 autem
410 694 668 740 connubia
689 695 840 741 haud
857 694 989 740 mihi
1015 694 1072 739 in
1095 692 1271 739 animo
1294 700 1429 738 sunt.
1519 693 1565 739 T
1559 692 1795 755 horgilso
1822 693 1935 739 lzaec
1958 693 2091 738 satis
2111 701 2228 739 tuta
2254 693 2387 748 visa,

212 798 304 829 nec
335 782 446 827 illis
483 783 706 846 aliqvem
746 785 924 829 dolum
955 783 1156 829 subesse
1180 781 1438 832 credidit.
1493 780 1811 846 Colloqvium
1842 782 1920 828 ita
1930 781 2175 842 finitum,
2211 790 2389 827 ratum

210 878 386 917 autem
397 871 615 931 factum
628 889 644 919 .·
696 872 1030 934 Thorgilsum
1063 871 1442 933 expeditionem
1473 880 1850 934 suscepturum.
1921 871 2052 917 Inde
2075 870 2388 932 Helgafello

207 957 356 1006 abire
373 962 611 1021 paravit,
645 962 918 1008 Gudrunoe
933 961 1066 1022 filiis
1091 959 1488 1019 comitantibus,
1519 956 1598 1006 ad
1622 959 1879 1006 interiora
1907 959 2146 1018 inDalos
2152 958 2388 1022 profecti

129 1090 135 1099 ,
214 1048 451 1112 Tangam
466 1051 702 1113 primum
721 1051 1104 1113 adeqvitavere.

1091 1199 1265 1266 CAP.
1314 1208 1477 1267 LXI.

464 1294 769 1363 Dominica
794 1324 1026 1381 seqvente
1050 1323 1327 1364 conventus
1334 1316 1792 1380 promulgatorius
1809 1325 1928 1364 erat
1947 1322 2258 1364 convocatus
2268 1330 2286 1374 3
2324 1331 2381 1361 eo

206 1403 515 1468 Thorgilsus
525 1418 638 1454 cum
651 1423 747 1453 sua
760 1407 970 1453 cohorte
973 1405 1261 1468 profectus.
1276 1404 1716 1453 SnorroAntistes
1729 1405 1877 1452 haud
1887 1405 2144 1451 intererat
2155 1420 2378 1452 conven-

119 1506 124 1513 ’
204 1493 300 1542 tui.
323 1493 492 1541 Multi
505 1495 576 1541 ibi
590 1496 853 1542 mortales.
876 1496 954 1542 Eo
967 1495 1051 1541 die
1069 1494 1375 1557 Tliorgilsus
1394 1494 1758 1541 leorsteinum
1770 1493 1966 1542 Atrum
1979 1495 2054 1540 ad
2066 1493 2380 1557 colloqvium

204 1592 477 1631 evocatum
502 1585 581 1630 ita
606 1586 924 1649 alloqvitur:
960 1584 1038 1630 ita
1064 1600 1146 1630 res
1168 1592 1244 1629 est
1267 1591 1612 1646 comparata,
1645 1584 1724 1629 uti
1750 1583 1846 1629 tihi
1870 1600 2060 1647 qvoqve
2081 1591 2262 1629 notum
2285 1590 2379 1637 est,

201 1672 336 1735 qvod
355 1680 414 1719 tu
436 1674 732 1733 interfuisti
752 1672 1075 1735 expeditioni
1101 1672 1260 1719 Olavi
1264 1671 1533 1732 filiorum,
1568 1688 1721 1734 qvum
1744 1672 1957 1719 Bollius
1985 1670 2377 1731 interficeretur,

201 1762 349 1824 cujus
369 1741 544 1824 culpoe
554 1763 701 1809 illius
699 1761 840 1823 filiis
854 1763 1059 1809 nullum
1075 1760 1267 1806 dedisti
1272 1760 1565 1822 piaculum.
1642 1760 1888 1819 Ceterum,
1926 1759 1973 1804 si
1985 1761 2206 1805 multum
2221 1761 2378 1821 elap—

198 1864 313 1901 sum
347 1851 595 1914 temporis
629 1859 705 1897 est
730 1859 857 1914 post
890 1851 1025 1897 istas
1061 1865 1144 1896 res
1163 1858 1372 1911 gestas,
1407 1849 1557 1896 haud
1577 1850 1728 1896 credo
1751 1865 1927 1896 eorum
1948 1849 2211 1895 memoriae
2233 1848 2378 1894 exci-

198 1939 362 1997 disse,
396 1941 483 2003 q'vi
506 1940 739 1987 homines
766 1941 878 1986 illae
900 1938 1223 2001 expeditioni
1242 1938 1598 1999 interfuerint.
1673 1939 1794 1985 Jam
1819 1939 1904 1983 illi
1917 1938 2128 1998 fratres
2144 1938 2221 1983 ita
2236 1938 2375 1983 hanc

198 2042 309 2074 rem
339 2019 669 2088 existimant,
718 2030 854 2092 qvod
885 2028 1098 2074 minime
1126 2043 1210 2073 eos
1241 2028 1447 2085 deceat,
1501 2027 1659 2074 Olavi
1675 2027 1828 2088 filios
1859 2027 2105 2090 aggredi,
2146 2033 2374 2088 propter

195 2118 404 2180 generis
433 2118 911 2181 propinqvitatem5
958 2116 1058 2162 sibi
1089 2132 1208 2164 vero
1240 2100 1638 2179 proposuerunt
1673 2116 1728 2161 in
1759 2117 2039 2179 Helgium‚
2070 2114 2373 2164 Hardheini

184 2205 383 2268 filium,
417 2207 705 2254 vindictam
726 2215 1018 2254 convertere
1026 2222 1046 2265 ,⁶
1082 2203 1334 2252 ille‘enim
1357 2205 1538 2252 Bollio
1559 2206 1786 2256 mortale
1797 2207 1985 2253 vulnus
2009 2204 2194 2253 intulit
2204 2221 2223 2265 ,-
2260 2205 2373 2249 ita-

149 2347 152 2350 ,
199 2312 292 2360 qve
310 2312 346 2341 a
362 2303 410 2341 te
415 2296 668 2357 petimus,
695 2295 1030 2342 Thorsteine!
1065 2302 1124 2340 ut
1147 2293 1490 2353 illosfratres
1514 2294 1568 2340 in
1581 2294 1684 2340 lzac
1700 2296 2029 2357 expeditione
2043 2310 2272 2357 seqvare,
2308 2310 2372 2339 ac

197 2384 294 2431 tibi
327 2385 406 2430 ita
437 2400 614 2430 eorum
642 2385 880 2447 gratiam
913 2384 1156 2430 redimas.
1240 2382 1580 2430 Thorsteinus
1605 2383 1906 2445 respondit:
1949 2383 2097 2430 haud
2124 2401 2204 2430 me
2229 2385 2371 2429 decet

195 2474 390 2537 Helgio
403 2507 420 2532 ,
453 2488 564 2518 meo
585 2471 756 2534 affini,
794 2473 1018 2519 insidias
1041 2479 1241 2519 struere
1265 2469 1315 2518 δε
1336 2474 1502 2518 multo
1513 2474 1699 2535 potius
1712 2473 1866 2535 cupio
1871 2489 2059 2536 pacem
2071 2472 2370 2520 milzitanta

196 2563 448 2611 redimere
473 2561 720 2623 pecunia,
757 2570 957 2624 quanta
989 2560 1277 2622 honorifica
1310 2561 1690 2623 accipientibus
1716 2563 1973 2611 videatur.
2063 2563 2370 2625 Thorgilsus

195 2652 361 2701 dixit:
396 2651 544 2698 haud
573 2651 725 2697 credo
736 2650 1013 2711 fratribus
1033 2652 1252 2714 placere
1279 2650 1417 2696 talia
1434 2644 1766 2712 pactalucri
1780 2652 1967 2715 gratia
1990 2652 2149 2710 inire,
2192 2667 2284 2698 nec
2314 2658 2369 2696 lu

196 2743 301 2790 eris
322 2741 588 2796 celandus,
624 2740 965 2788 Thorsteine!
1000 2741 1136 2786 duas
1158 2739 1252 2785 tibi
1275 2740 1442 2786 solum
1465 2727 1787 2789 conditiones
1808 2742 2083 2804 'eligendas
2102 2739 2367 2802 proponi:

196 2839 292 2879 aut
310 2838 369 2877 ut
389 2829 770 2891 expeditionem
788 2830 1078 2893 suscipias,
1115 2838 1211 2876 aut
1235 2837 1294 2875 ut
1309 2845 1503 2891 magna
1521 2832 1668 2876 mala
1675 2830 2000 2893 perpetiare,
2038 2823 2240 2892 qvando
2255 2827 2366 2872 illis

196 2899 587 2981 inserendorum
607 2921 737 2965 data
746 2920 900 2979 foret
925 2920 1142 2966 occasio.
1229 2919 1422 2966 Verum
1447 2934 1574 2964 sane
1598 2919 1777 2977 velim,
1828 2927 1887 2965 ut
1906 2918 2144 2980 priorem
2182 2916 2368 2963 condi-

197 3010 388 3056 tionem
415 3008 706 3069 acciperes,
754 3025 876 3055 nam
908 3009 954 3053 si
989 3008 1084 3054 tibi
1104 3024 1217 3054 cum
1239 3007 1436 3068 Helgio
1464 3008 1666 3054 arctior
1694 3017 1769 3053 est
1799 3006 2119 3068 conjunctio,
2157 3004 2367 3068 quilibet

197 3107 372 3144 tamen
398 3096 605 3158 cogitur
636 3098 736 3144 sibi
761 3098 868 3161 ipsi
891 3099 1171 3151 consulere,
1209 3098 1413 3161 qvando
1439 3097 1605 3142 tantis
1638 3094 2020 3156 dificultatibus
2043 3095 2364 3157 implicatur.

198 3187 506 3250 Thorgilsus
528 3188 1073 3252 pergebatsplurihus
1098 3188 1311 3252 qvidem,
1339 3187 1421 3251 qvi
1440 3186 1571 3231 idem
1600 3185 1653 3231 in
1675 3183 1999 3246 Bolliifilios
2025 3186 2217 3232 crimen
2234 3199 2366 3247 per—

2023 3274 2066 3319 L
2086 3275 2102 3319 1
