2956 3854
1255 289 1378 340 311

233 455 525 514 leorleiko,
561 472 767 518 eumqve
787 438 946 502 etiam
962 454 1268 518 pretiosum.
1341 451 1629 500 Conventus
1652 446 2075 498 deinde'sotatas.
2166 452 2406 516 Utrisqve

226 546 381 604 liujus
406 561 581 592 causae
609 546 753 591 exitu
780 553 941 591 aucta
963 544 1159 607 gloria.

1082 703 1259 762 CAP.
1292 703 1548 761 LXXII.

231 879 233 881 Ι
478 791 622 859 ,Ηασ
663 820 940 858 transacta
978 813 1405 869 reconciliatione
1442 829 1683 876 qvumqve
1718 811 2025 858 Thorleikus
2061 811 2294 859 duas'in
2319 813 2411 859 Is·-

197 902 416 947 „landia
452 903 660 964 hyemes
706 901 1021 960 mansisset„
1057 902 1252 964 palam
1267 902 1408 963 fecit
1438 902 1653 948 Bollius
1687 917 1741 948 se
1775 917 1998 964 peregre
2028 901 2408 963 profecturum.

223 982 423 1037 Snorro
458 1008 573 1038 eum
608 991 884 1037 dehortari
917 999 1138 1036 conatus
1162 991 1330 1037 dixit:
1384 991 1581 1037 incerto
1619 1006 1746 1036 casu
1779 991 1911 1051 milii
1945 991 2151 1037 videtur
2180 994 2410 1053 pendere

180 1095 183 1108 ³
224 1096 307 1127 res
343 1083 594 1143 quomodo
641 1080 738 1126 tibi
778 1081 958 1138 cedat5
1019 1079 1068 1124 si
1112 1093 1233 1125 vero
1275 1079 1518 1140 plurium
1578 1093 1752 1124 rerum
1801 1078 1897 1124 tibi
1939 1094 2050 1124 esse
2089 1088 2410 1141 potestatem

224 1178 401 1232 optes,
450 1169 545 1215 tibi
584 1141 950 1214 babitaculum
985 1167 1306 1213 constituam
1343 1182 1548 1230 remque
1580 1152 1844 1213 instruam
1857 1167 2200 1227 familiarem
2213 1202 2227 1225 ‚
2287 1184 2410 1230 ma-

211 1244 513 1321 ³gistratum*
545 1258 759 1303 tradam
797 1253 847 1303 8<
899 1257 955 1303 in
986 1255 1222 1303 omnibus
1262 1265 1351 1304 tuo
1394 1257 1588 1303 honori
1627 1256 1868 1314 studebo,
1929 1258 2062 1320 qvod
2084 1257 2263 1318 facile
2280 1257 2409 1318 fieri

216 1365 374 1411 posse
400 1365 580 1410 spero,
623 1363 773 1409 quum
793 1347 1032 1409 plerique
1054 1345 1243 1392 bonam
1265 1347 1327 1391 de
1348 1354 1397 1391 te
1420 1347 1718 1408 opinionem
1761 1347 2107 1409 conceperint.
2193 1347 2406 1394 Bollius

220 1438 520 1500 respondit.-
589 1437 682 1482 diu
717 1437 849 1482 milii
871 1436 993 1495 fuit
1026 1436 1082 1482 in
1110 1435 1295 1480 animo>
1317 1435 1497 1497 aliqva
1530 1435 1640 1482 vice
1669 1422 1943 1482 australes-
1978 1436 2131 1483 adire
2158 1436 2400 1499 regiones

219 1543 344 1575 nam
376 1526 611 1588 imperiti
637 1527 942 1589 plerumqve
974 1525 1262 1584 habentur,
1321 1525 1409 1588 qvi
1431 1534 1641 1586 praeter
1657 1526 1960 1572 Islandiam
1997 1526 2179 1572 nullas
2233 1534 2405 1572 terras

193 1671 197 1674 f
220 1617 433 1662 adeant.
509 1617 677 1675 Qvum
700 1617 896 1662 Snorro
909 1616 1091 1662 Bollio
1119 1615 1220 1660 lzoc
1239 1622 1439 1660 certum
1459 1631 1569 1662 esse
1609 1616 1948 1678 comperisset
1971 1624 2122 1678 atqve
2146 1615 2403 1662 dehorta-

222 1707 417 1752 tionem
448 1690 559 1752 sine
582 1722 816 1751 successu
826 1723 846 1764 ;
891 1705 978 1750 illi
1010 1712 1225 1750 tantam
1254 1704 1330 1749 ad
1360 1702 1473 1767 iteri
1484 1704 1771 1767 pecuniam
1811 1704 2030 1765 obtulit„
2071 1713 2266 1767 quanta
2299 1705 2404 1767 ipsi

213 1795 470 1858 placeret.
542 1795 757 1842 Bollius
778 1796 1003 1841 multam
1025 1810 1079 1840 se
1091 1792 1377 1858 pecuniam
1409 1790 1648 1838 lubenter
1678 1802 2019 1857 accepturum
2049 1792 2377 1853 confirmavit
2388 1810 2402 1853 3

222 1885 344 1930 nolo
371 1880 524 1944 enim,
561 1885 741 1948 inqvit,
774 1892 872 1930 aut
907 1884 994 1930 hic
1030 1891 1127 1929 aut
1165 1884 1319 1946 apud
1348 1883 1787 1947 exteroswaliqvid
1820 1883 2000 1931 debere
2031 1883 2407 1930 misericordiae

191 1952 193 1954 Ι
219 1974 501 2020 hominum.
553 1974 760 2020 Deinde
779 1960 993 2019 Bollius
1005 1972 1275 2030 meridiem
1293 1989 1471 2020 versus
1493 1974 1568 2018 ad
1582 1972 2020 2035 Borgarfib‘rdum
2041 1982 2191 2036 atqve
2200 1972 2403 2034 flumen

176 2098 179 2103 -
216 2064 390 2111 Huitd
399 2064 694 2128 profectus,
717 2071 930 2124 partem
944 2061 1096 2108 navis
1119 2062 1397 2109 dimidiam
1421 2061 1488 2107 ab
1510 2061 1592 2119 iis,
1629 2061 1711 2124 qvi
1732 2078 1847 2108 eam
1872 2064 2168 2124 possedere,
2206 2062 2405 2110 coe‘mit.

219 2154 387 2201 Navis
413 2154 601 2200 deinde
628 2141 828 2215 utrique
839 2151 1094 2211 fratrum
1118 2151 1403 2197 communis
1415 2167 1435 2209 5
1483 2159 1607 2216 tunc
1625 2151 1840 2197 Bollius-
1868 2152 2186 2198 occidentem
2223 2168 2402 2199 versus

214 2242 490 2306 profectus
518 2244 740 2289 domum.
813 2240 994 2288 Bollio
1015 2257 1081 2286 ac
1108 2241 1381 2287 Thordisoe
1404 2256 1511 2286 una
1521 2240 1641 2300 fuit
1649 2239 1793 2301 filia,
1830 2257 2014 2288 nomen
2045 2242 2130 2287 illi
2151 2241 2402 2288 Herdisa.

181 2373 183 2376 Α
216 2333 284 2383 Εἰ
303 2333 496 2396 virgini
517 2333 776 2379 Gudruna
810 2330 999 2377 obtulit
1028 2321 1402 2377 educationem.
1472 2329 1691 2377 Annum
1724 2339 1862 2377 nata
1884 2331 2253 2393 Helgafellum
2274 2347 2404 2393 per-

216 2423 370 2471 venit.
459 2422 505 2468 T
501 2421 719 2469 lzordisa
757 2420 921 2468 etiam<
952 2419 1028 2466 ibi·
1061 2418 1746 2483 soepiuscommorabatur5
1790 2421 1979 2467 intima
2012 2422 2283 2468 Gudrunce
2302 2421 2403 2481 fa·-

219 2511 538 2559 miliaritate
564 2528 675 2558 usa.

1081 2662 1227 2740 cap.
1263 2639 1548 2718 moult.

486 2746 641 2835 Jam
661 2772 1118 2836 uterqvefratrum
1144 2772 1219 2817 ad
1241 2771 1421 2818 navim·
1427 2770 1664 2832 profecti
1675 2779 1811 2818 sunt.
1848 2773 2058 2820 Bollius
2071 2774 2295 2818 multam
2318 2787 2404 2816 se-

219 2880 334 2911 cum
342 2863 628 2926 pecuniam
646 2863 839 2911 avexit.
875 2863 996 2908 Jam
1010 2877 1278 2924 paravere·
1302 2861 1494 2919 navim,
1509 2877 1622 2924 qvoe
1641 2877 1794 2924 qvum
1819 2862 2027 2908 omnino
2039 2871 2170 2907 esset
2175 2869 2402 2922 parata,

220 2953 337 2999 vela
356 2953 411 2998 in
423 2953 595 2998 altum
611 2953 810 3000 dedere.
833 2953 839 2960 ”
850 2953 1023 2998 Haud
1030 2952 1227 3012 fausto
1253 2950 1336 2996 usi
1345 2958 1512 3007 vent0‚
1533 2950 1625 2996 diu
1653 2950 1708 2996 in
1715 2959 1885 3018 ponto
1896 2951 2092 3011 jactati
2112 2959 2244 2997 sunt.
2283 2949 2407 2997 Au—

221 3050 400 3088 tumno
424 3042 751 3104 Norvagiam
764 3043 1025 3104 appulere
1036 3040 1301 3088 borealem
1317 3041 1371 3086 in
1395 3039 1800 3086 lerandlzeimo.
1838 3041 1954 3087 Rex
1972 3042 2168 3088 Olavus
2192 3041 2245 3087 in
2265 3041 2315 3088 V
2317 3041 2404 3086 ika

220 3131 276 3176 in
291 3128 994 3194 orientali[australi]parte
1003 3129 1502 3199 morabatur,ibiqve
1515 3130 1588 3174 ad
1600 3128 1936 3175 hiemandum
1950 3145 2304 3192 resprcepara
2315 3147 2405 3177 ve-

218 3228 320 3266 rat.
365 3221 619 3284 Qvumqve
626 3219 838 3280 fratres
861 3221 1112 3269 audirent
1129 3237 1299 3285 regem
1321 3221 1393 3266 ad
1416 3218 1653 3266 borealia
1682 3219 1735 3265 in
1759 3218 2198 3267 lerondlzeimum
2218 3235 2408 3305 eogu-

2404 3312 2482 3323 s—x‚
