2956 3854
1266 237 1389 293 149

240 409 427 452 oestate
451 400 764 465 profisiscar
796 401 871 447 ad
906 398 1041 447 istos
1071 411 1223 460 eqvos
1258 396 1497 450 visendos
1529 393 1579 445 8<
1612 398 1862 448 incertum
1899 402 2098 464 quidem
2131 400 2242 462 est,
2291 414 2406 452 uter

237 500 474 553 nostrum
500 491 622 548 illos
640 499 771 554 post
795 491 852 536 id
873 497 1074 553 tempus
1092 500 1433 548 possessurus
1462 485 1547 530 sit.
1642 486 1944 536 leorleikus
1973 492 2135 539 dixit.-
2191 495 2303 538 Fac
2324 494 2404 539 uti

236 588 288 634 te
306 581 589 641 facturum
622 580 848 665 minare,
903 592 996 637 nec
1023 592 1104 622 me
1128 573 1376 637 pluribus
1404 575 1698 654 aggredere.
1779 576 1925 623 Talis
1948 596 2122 626 eorum
2150 580 2401 643 colloquio

228 668 366 737 finis.
436 668 605 753 Multi
625 667 706 733 qvi
739 667 968 712 aderant
999 664 1127 712 bene
1143 664 1415 711 convenire
1449 662 1716 726 rebantur,
1754 672 1814 711 ut
1848 665 1933 710 illi
1968 667 2103 713 inter
2135 684 2187 714 se
2222 668 2403 714 litibus

236 733 613 804 contenderent.
693 753 820 800 Tum
846 770 872 799 e
894 752 1119 822 comitiis
1142 753 1351 799 domum
1370 751 1671 810 discessum,
1727 769 1818 799 nec
1835 740 2039 815 praeter
2064 756 2176 802 lzaec
2203 757 2404 819 aliqvid

234 842 355 891 novi
377 831 587 889 accidit.
650 843 838 890 Prima
863 841 976 887 luce
998 840 1226 905 alicujus
1248 841 1368 900 diei,
1403 840 1724 887 Hrutstadis
1743 844 1894 904 apud
1902 843 2138 890 Hrutum
2165 845 2401 891 colonum

229 931 683 997 Herjoifi-fllium,
753 931 965 993 qvidam
999 928 1150 975 homo
1186 931 1336 975 domo
1367 928 1758 990 egrediebatur,
1831 946 1969 992 qvem
2004 933 2145 978 intro
2176 934 2400 978 redeun-

232 1028 335 1069 tem
358 1020 572 1068 Hrutus
595 1019 829 1082 rogavit,
883 1034 956 1074 an
978 1017 1099 1080 qvid
1122 1017 1459 1078 comperisset
1489 1015 1650 1063 novi?
1704 1017 1808 1063 Ille
1840 1027 2016 1064 autem
2046 1036 2099 1065 se
2134 1020 2259 1081 qvid
2283 1021 2400 1067 novi

228 1111 584 1172 'dicereposse
620 1106 854 1169 negavit,
905 1113 1107 1168 proeter
1143 1106 1278 1168 qvod
1305 1104 1562 1150 hominem
1600 1103 1667 1150 ab
1703 1106 1880 1151 altera
1907 1116 2070 1168 parte
2105 1108 2163 1155 V
2157 1102 2401 1154 adlorum

230 1194 537 1273 (Raludum)
558 1195 871 1257 oqvitantem
895 1193 1275 1256 conspexisset,
1313 1193 1527 1239 eundem
1549 1194 1814 1248 Thorlebiki
1833 1211 1981 1258 eqvos
2006 1197 2217 1254 adiisse,
2258 1206 2398 1243 tum-

229 1299 319 1354 qve
350 1301 411 1342 ex
441 1301 561 1347 eqvo
597 1283 925 1330 descendisse
954 1299 1195 1346 eqvosqve
1225 1298 1386 1328 manu
1423 1282 1654 1343 tetigisse
1684 1282 1981 1344 affirmavit.
2051 1286 2263 1330 Hrutus
2289 1295 2396 1331 tum

230 1373 466 1448 rogavit5
514 1348 601 1418 ubi
625 1372 735 1435 eqvi
751 1370 1018 1432 fuissent?
1075 1372 1335 1417 Famulus
1355 1372 1656 1432 respondit:
1703 1373 1915 1417 Pascua
1952 1372 2050 1417 sibi
2077 1374 2235 1418 etiam
2261 1391 2397 1420 nunc

229 1462 369 1510 bona
389 1463 678 1524 elegerant,
715 1478 838 1507 nam
870 1461 1017 1520 infra
1048 1476 1289 1522 aggerem
1319 1459 1373 1504 in
1394 1459 1576 1521 pratis
1604 1460 1708 1504 tuis
1725 1459 2034 1522 pascebant.
2069 1461 2281 1507 Hrutus
2308 1464 2396 1507 di-

228 1547 335 1598 xit:
388 1544 692 1596 Thorleikus
717 1551 913 1612 quidem
936 1557 1190 1612 cogn-atus
1214 1556 1415 1605 noster,
1467 1563 1663 1609 parum
1693 1557 1848 1593 curat
1881 1549 1969 1593 ubi
1992 1566 2189 1609 pecora
2211 1551 2396 1611 pabu-

229 1635 503 1703 lentur,ss&
524 1638 603 1681 ita
610 1638 733 1698 jam
753 1637 955 1698 qvidem
973 1652 1126 1697 eqvos
1148 1635 1364 1681 abactos
1388 1650 1519 1693 reor,
1541 1644 1745 1696 proeter
1769 1636 1915 1680 illius
1939 1637 2226 1682 consilium.
2269 1640 2396 1684 Tum

223 1727 436 1783 Hrutus
457 1724 708 1781 surrexit,
767 1723 976 1769 indusio
1002 1722 1511 1785 ‘atqvefeminalibus
1535 1723 1775 1775 indutus,
1826 1740 2052 1786 canoqve
2074 1726 2396 1786 superindu-

227 1825 315 1883 tus
329 1813 574 1870 amiculo,
602 1812 911 1875 securimqve
934 1809 1184 1875 magnam
1217 1811 1547 1867 obauratam,
1571 1828 1724 1874 qvam
1745 1829 1835 1858 rex
1859 1814 2140 1860 Haraldus
2164 1815 2211 1859 ei
2236 1815 2395 1860 dede-

192 1887 336 1964 rat
363 1919 525 1961 manu
545 1901 785 1964 gestavit.
836 1900 1127 1963 Aliqvanto
1151 1902 1499 1949 vehementius
1521 1917 1753 1963 egressus
1777 1902 2033 1948 hominem
2059 1903 2168 1961 infr
2173 1919 2205 1946 a
2230 1919 2393 1964 agge-

227 1993 345 2039 rem
369 2007 520 2054 eqvos
555 1997 791 2052 agentem
827 1990 1110 2050 conspexit
1148 1990 1392 2034 Hratas
1425 1990 1509 2034 illi
1544 1989 1657 2033 ibat
1695 1986 1896 2035 obviam
1931 2000 1983 2036 et
2019 1991 2219 2053 qvidem
2256 1991 2394 2036 Eld-

221 2076 450 2144 grimum
475 2094 625 2139 eqvos
655 2093 810 2139 agere
840 2077 987 2122 vidit.
1061 2077 1271 2121 Hrutus
1299 2078 1449 2121 illum
1476 2076 1738 2122 saluta-vit
1763 2073 1812 2123 ὃς
1835 2077 2140 2140 Eldgrimus
2167 2094 2393 2140 respon-

228 2170 329 2216 etit?
343 2165 662 2232 salutationi
703 2174 876 2211 tamen
909 2166 1180 2227 aliqvanto
1201 2166 1480 2226 frigidius.
1568 2151 1795 2210 Hrutus'
1817 2167 2051 2227 rogavit:
2105 2168 2209 2224 Qvo
2246 2185 2392 2230 equos

226 2257 434 2319 abigwe
456 2252 843 2310 constituisset?
874 2253 1180 2315 Eldgrimus
1207 2254 1382 2301 dixin
1403 2255 1523 2299 Non
1544 2254 1740 2314 qvidem
1758 2253 1854 2298 lzoc
1879 2262 1926 2299 te
1950 2254 2126 2300 celabo
2153 2253 2201 2301 δε
2226 2257 2271 2301 si
2298 2266 2390 2302 tua

225 2353 400 2411 amoq.
417 2342 684 2390 Thorleiki
713 2341 1144 2408 consangvinitas
1173 2339 1305 2385 milti
1332 2342 1542 2403 cognita
1569 2349 1671 2399 est,
1705 2358 1827 2388 nam
1851 2342 1928 2387 ita
1941 2344 2062 2404 jam
2087 2345 2214 2390 istos
2240 2362 2391 2407 eqvos

226 2419 414 2513 nactus
439 2448 574 2491 sum,
611 2439 671 2477 ut
694 2430 816 2477 illos
839 2445 1099 2492 nunqvam
1121 2430 1168 2475 ei
1189 2430 1402 2476 reddere
1423 2438 1618 2476 certum
1639 2431 1724 2489 sit,
1761 2427 1811 2477 δε
1832 2431 2028 2493 qvidem
2053 2449 2140 2490 ea,
2178 2450 2285 2495 qvce
2307 2435 2391 2480 illi

227 2508 283 2570 in
300 2511 529 2588 comitiis
544 2521 799 2583 promisi,
846 2517 966 2566 bene
988 2518 1211 2577 servavi,
1249 2534 1352 2564 non
1383 2519 1519 2565 enim
1554 2536 1666 2565 cum
1689 2536 1886 2581 magna
1913 2519 2178 2567 hominum
2203 2523 2390 2568 multi-

153 2598 170 2675 ¹,
227 2590 408 2659 tudine
433 2609 620 2688 adveni
651 2610 724 2655 ad
755 2625 901 2671 eqvos
931 2607 1274 2653 abducendos.
1344 2607 1555 2653 Hrutus
1581 2608 1744 2653 dixit:
1781 2607 1928 2654 haud
1953 2610 2242 2670 gloriosum
2266 2628 2391 2656 sane

226 2687 309 2747 est
325 2680 472 2764 eqvos
495 2698 764 2753 abducere,
809 2696 1084 2743 Thorleiko
1110 2697 1164 2742 in
1187 2697 1317 2741 lecto
1344 2695 1684 2753 decumbente,
1721 2693 1770 2742 ὃς
1792 2713 1850 2742 eo
1877 2698 2047 2760 utiqve
2063 2708 2229 2759 pacto
2254 2715 2390 2760 pro-

226 2784 388 2836 missa
413 2782 641 2837 servasse
666 2787 947 2833 censendus
968 2801 1038 2844 es,
1073 2784 1120 2830 si
1143 2783 1294 2829 illum
1319 2791 1597 2847 anteqvam
1619 2802 1766 2847 eqvos
1790 2802 1851 2831 ex
1875 2786 1970 2851 hoc
1988 2803 2135 2848 pago
2158 2786 2390 2833 abducas

227 2877 505 2925 convenies.
578 2875 672 2923 Cui
692 2875 1025 2938 Eldgrimus:
1067 2872 1422 2931 ‚Thorleikum‚
1462 2861 1654 2934 inq'vit,
1691 2875 1738 2918 si
1757 2875 1957 2935 placet,
2001 2875 2268 2921 certiorem
2289 2877 2389 2935 fa-

229 2964 378 3025 cia-³5⁷
422 2965 517 3011 tibi
538 2965 674 3012 enim
708 2979 913 3010 cernere
949 2963 1070 3009 licet
1109 2978 1190 3008 me
1223 2963 1372 3007 domo
1408 2959 1680 3006 abeuntem
1710 2962 1787 3006 ita
1815 2971 1998 3008 memet
2030 2979 2387 3024 comparasse,

228 3060 289 3115 ut
323 3053 369 3100 T
364 3051 594 3099 horleiko
616 3069 881 3101 occurrere
906 3053 1054 3099 haud
1074 3051 1459 3097 abhorrendum
1485 3057 1615 3095 esset
1624 3066 1642 3110 5
1687 3050 1798 3095 lzaec
1833 3051 2007 3096 dicens
2040 3051 2252 3098 hastam
2284 3054 2389 3099 ha·-

228 3149 444 3206 matam,
481 3157 628 3206 qvam
658 3158 820 3190 manu
839 3140 1088 3205 gestavit,
1136 3137 1472 3187 concutiebat.
1525 3137 1798 3202 Caeterum,
1837 3141 2012 3204 capite
2028 3141 2216 3204 galea,
2253 3141 2389 3189 ensis
