2956 3854
1300 236 1443 287 XVII

310 411 593 476 editores
656 405 741 468 ad
799 406 1064 468 ductum
1123 402 1318 484 hujus
1383 400 1632 464 codicis
1688 413 1930 464 textum
1981 425 2444 490 expresserunt,

304 531 431 572 nec
482 528 623 569 non
659 505 865 583 Niali,
959 503 1139 583 cujus
1195 504 1266 563 in
1311 500 1599 587 lingvam
1636 498 1903 562 latinam
1942 504 2310 569 translatori
2349 513 2448 570 in-

305 623 404 671 ter
465 606 629 668 alios
698 601 959 666 codices
1023 600 1109 662 ad
1167 621 1397 662 manus
1448 598 1587 660 fuit.
1723 601 2063 682 Scripturae
2117 610 2450 689 specimen

305 708 415 767 aeri
454 706 732 765 incisum
778 701 1040 762 exhibet
1077 701 1241 762 Vitae
1283 696 1473 786 Egilli
1520 694 1721 759 editio
1764 697 2152 763 Hafniensis.
2248 708 2449 770 Caete-

301 804 538 887 roqvin
596 799 676 862 de
736 799 927 881 hujus
994 797 1242 860 codicis
1303 810 1517 872 aetate,
1598 810 1822 857 nostro
1888 795 2135 879 judicio
2192 802 2273 863 ad
2327 807 2449 865 ini·

300 903 465 962 tium
505 899 722 962 Seculi
762 900 943 961 XIVti
994 894 1363 972 referenda,
1409 893 1902 981 orthographia,
1948 896 2265 985 elegantia
2308 902 2450 965 lite·

298 1018 517 1060 rarum
578 1002 636 1060 8<
697 1000 938 1080 pretio,
1049 998 1121 1055 in
1186 996 1560 1056 universum
1623 990 2074 1074 consulantur,
2177 1020 2310 1081 qvae
2378 1003 2449 1060 in

295 1093 780 1180 prolegomenis
829 1092 914 1154 ad
954 1092 1157 1155 dictas
1197 1092 1502 1155 historias
1551 1108 2058 1156 commemorata
2097 1112 2263 1158 sunt.
2333 1101 2449 1159 Hi-

295 1196 565 1254 storiam
603 1191 1106 1254 Laxdalensium
1156 1195 1229 1252 in
1283 1190 1414 1253 hoc
1456 1188 1687 1253 codice
1731 1190 1892 1253 folia
1932 1209 2037 1270 43,
2127 1193 2303 1257 lectu
2349 1200 2448 1258 in·

295 1290 552 1380 terdum
605 1306 705 1353 sat
759 1289 1081 1383 difficilia,
1171 1288 1716 1375 complectentem
1761 1294 2098 1375 exscripsit
2141 1293 2442 1358 Ludima-

293 1378 492 1473 gister
527 1390 900 1452 Hafniensis
950 1392 1077 1456 W
1052 1413 1219 1460 zum
1263 1404 1453 1475 gente
1472 1388 1789 1465 Islandu8,
1835 1394 2226 1474 exscriptum
2263 1414 2439 1474 vem,

295 1502 640 1571 anteqvam
676 1486 861 1571 prelo
906 1490 1375 1564 comitteretur,
1422 1507 1571 1549 cum
1608 1489 1752 1569 ipsa
1790 1488 2167 1549 membrana
2214 1507 2443 1552 contu·

291 1582 368 1645 lit
410 1588 510 1646 vir
547 1586 935 1647 reverendus
981 1585 1417 1666 Gunnlaugus
1467 1586 1544 1644 O.
1584 1583 1883 1652 Oddsen,
1924 1587 2227 1647 Assessor
2267 1591 2443 1650 Con-

292 1680 628 1739 sistorialis
652 1680 926 1734 &Assdis
961 1678 1347 1741 cathedralis
1373 1681 1873 1764 Reykavicensis
1916 1683 2240 1762 sacerd08‚
2283 1687 2443 1749 huc-

290 1793 498 1855 usque
539 1769 1011 1852 stipendiarius
1053 1771 1695 1857 Arna-Magnaeanus.
1737 1817 1812 1828 -
1850 1779 2119 1838 Plenam
2161 1787 2218 1843 &
2255 1782 2441 1844 locu.

290 1871 532 1955 pletem
565 1865 866 1929 lectionis
907 1870 1313 1945 varietatem,
1380 1868 1632 1953 qvalem
1678 1874 1911 1933 sistunt
1952 1872 2090 1936 aliae
2130 1877 2434 1959 historiae,

291 1989 332 2051 a
387 1967 579 2029 nobis
644 1964 858 2044 editae,
947 1965 1165 2048 qvales
1215 1982 1365 2027 sunt
1412 1967 1604 2029 Niala
1656 1974 1714 2030 81
1762 1969 1969 2055 Eigla‚
2049 1975 2436 2062 subjungere

288 2062 470 2131 haud
509 2087 545 2125 e
592 2085 662 2125 re
699 2066 911 2126 visum
951 2070 1074 2139 est,
1132 2065 1444 2149 gravioris
1484 2086 1639 2126 vero
1680 2070 1995 2128 momenti
2039 2068 2436 2139 diversitates

183 2208 187 2210 v
290 2159 790 2246 suppeditarunt
841 2159 1160 2221 nonnulla
1198 2163 1648 2245 Manuscripta
1685 2165 1900 2223 Arna·
1872 2166 2294 2252 -Magnaeana
2336 2194 2430 2236 ex.

286 2280 376 2346 gr.
417 2256 1208 2343 Apographa—chartacea
1251 2261 1321 2317 in
1355 2255 1521 2320 folio
1571 2262 1657 2323 Ne
1705 2278 1812 2331 125
1861 2266 1919 2325 &
1959 2279 2097 2343 127,
2166 2270 2253 2332 N‘z
2301 2285 2430 2350 123,

284 2359 358 2417 in
394 2357 607 2440 capite
642 2371 770 2423 78Ἷο
812 2353 1003 2437 hujus
1052 2353 1359 2418 editionis
1408 2353 1740 2438 desinens,
1821 2382 1945 2424 nec
1983 2385 2122 2425 non
2165 2367 2252 2431 N?
2300 2385 2427 2448 124,

283 2457 463 2536 juxta
496 2458 738 2514 Arnam
764 2456 1130 2539 Magnaeum
1171 2475 1250 2518 ex
1281 2453 1642 2542 fragmento
1675 2461 2204 2543 membranaceo,
2264 2488 2432 2530 non-

283 2550 464 2613 nulla
504 2549 737 2613 Gretlae
785 2556 844 2614 &
881 2552 1253 2640 Eyrbyggiae
1303 2557 1705 2635 continente,
1786 2581 1962 2623 nunc
2001 2583 2156 2627 vero
2202 2566 2430 2650 deper-

284 2649 452 2728 dito,
496 2647 742 2712 tradux.
819 2653 1050 2713 Rarius
1098 2650 1467 2715 consultum
1506 2657 1738 2719 ivimus
1772 2657 2204 2746 fragmentum
2222 2663 2426 2726 histo-

279 2751 389 2810 riae
435 2763 698 2824 nostrae,
789 2748 962 2832 qvod
1006 2754 1288 2814 occurrit
1326 2754 1396 2811 in
1432 2755 1812 2818 membrana
1849 2760 1935 2820 N⁰
1985 2776 2122 2837 128,
2202 2763 2420 2826 medio

282 2849 419 2910 Sec.
459 2848 731 2908 lelnmo
770 2853 1041 2931 scripta,
1096 2850 1249 2926 (vid.
1297 2851 1501 2935 Eigla
1538 2853 1718 2914 Praef.
1758 2878 1820 2940 p.
1862 2860 2026 2920 XIV.
2079 2861 2152 2922 V
2142 2864 2423 2922 aenscloe-

284 2945 522 3030 lasaga
565 2944 743 3024 Praef.
785 2968 849 3027 p.
893 2948 1091 3024 XVI.)
1138 2948 1281 3026 sed,
1370 2951 1872 3038 Arna—Magnaeo
1914 2955 2161 3037 judice,
2256 2965 2419 3021 anti-

282 3045 519 3124 qvioris
563 3022 808 3106 codicis
846 3049 1178 3131 progenie.
1256 3047 1589 3110 Nonnulla
1627 3072 1781 3112 vero
1827 3055 2206 3140 apographa
2238 3058 2420 3120 chai-

278 3155 465 3202 tacea
509 3141 646 3203 sub.
690 3145 773 3206 Νο
824 3158 931 3210 158
978 3147 1045 3203 in
1084 3143 1246 3208 folio
1294 3149 1351 3208 δι
1388 3148 1473 3210 N.
1519 3161 1659 3225 441,
1738 3151 1807 3209 in
1863 3169 2086 3235 qvarto
2147 3161 2413 3220 omnino

2068 3253 2143 3305 (5)
