2956 3854
1321 231 1403 293 83

268 403 331 449 te
344 415 467 462 rex,
470 400 569 447 sibi
590 401 814 460 donasse
831 389 1026 462 primis
1033 396 1519 460 prorumpentibus
1518 396 1763 451 dentibus
1777 400 2018 452 asseruit
2057 403 2172 453 Rex
2190 402 2448 455 annulum

267 489 486 564 accepit,
512 498 666 552 atqve
681 484 1040 562 intuebatur&
1063 494 1171 532 tum
1172 485 1386 554 qvldem
1411 484 1467 533 in
1490 486 1640 537 vultu
1654 488 1874 554 multum
1890 490 2121 557 erubuit„
2180 492 2325 539 Dein·
2350 507 2442 537 rex

268 575 347 622 ita
377 568 581 650 locutus
606 587 707 624 est:
744 593 867 652 vera,
890 577 1001 630 hoec
1018 576 1215 643 signa
1192 581 1330 632 sunt,
1367 589 1544 620 verum
1573 575 1722 620 nullo
1745 585 1909 647 pacto
1939 574 2156 629 minoris
2178 580 2438 638 habenda,

267 681 401 734 qvae
407 664 461 712 in
479 642 626 714 vultu
643 632 840 727 gestas,
862 652 1162 711 maternum
1175 679 1340 726 genus
1355 654 1490 708 satis
1515 664 1828 744 indicantia,
1852 667 1986 711 unde
2020 676 2067 712 te
2090 668 2222 713 satis
2235 684 2444 715 noscere

269 746 422 800 licet:
484 753 656 814 Atque
676 761 904 814 propter
926 753 1038 799 haec
1063 743 1219 815 signa
1257 769 1383 798 sane
1417 753 1927 815 consangvinitalem
1960 740 2105 802 tuam
2139 764 2440 819 agnoscantg

272 832 478 900 ware,
472 842 641 902 cujus
655 841 732 886 rei
748 851 1040 903 pree-sentes
1062 844 1148 889 hic
1171 843 1331 890 viros
1348 857 1558 900 omnes,
1570 858 1847 905 meumqve
1859 858 2140 891 sermonem
2167 847 2441 891 audientes

266 936 371 992 ego
385 934 544 994 testes.
557 931 810 992 compello
822 948 837 991 3
852 941 1056 993 proeter
1075 933 1188 978 hoec
1213 940 1261 976 te
1288 947 1402 976 cum
1425 931 1564 976 omni
1591 939 1680 976 tuo
1703 931 1958 977 comitatu
1980 935 2055 979 ad
2071 950 2239 979 meam
2257 935 2443 979 aulam

265 1018 487 1082 invito,
494 1035 668 1082 verum
689 1028 821 1086 ίιι,ιιε
843 1021 1006 1081 honos
1037 1021 1293 1083 innitetur
1312 1020 1359 1064 ei
1383 1019 1638 1082 opinioni,
1668 1035 1822 1082 qvam
1855 1021 1918 1065 de
1942 1000 1990 1066 te
2020 1021 2204 1067 melius
2229 1029 2441 1083 experto

257 1106 574 1168 concipiam.
634 1108 839 1159 Deinde
859 1123 1126 1170 rexeqvos,
1153 1107 1338 1171 qvibus
1358 1107 1682 1180 veherentur,
1718 1109 1913 1154 adduci
1929 1108 2168 1178 jubebat,
2206 1110 2441 1173 virosque

264 1183 340 1241 ad
361 1179 743 1243 subducendam
769 1197 963 1255 navim,
995 1198 1310 1243 servandum
1326 1205 1658 1258 apparatum
1673 1195 1959 1260 (navalem)
1984 1207 2034 1244 et
2056 1215 2246 1244 merces
2265 1214 2442 1244 eorum

266 1264 522 1329 tutandas
542 1267 816 1347 disposuit.
889 1285 1011 1331 Jam
1036 1302 1127 1331 rex
1140 1285 1432 1332 Dublinum
1456 1303 1580 1349 eqvo
1605 1296 1795 1346 vectus,
1822 1288 1934 1333 hcec
1947 1303 2064 1334 vero
2086 1304 2168 1334 res
2194 1289 2246 1334 in
2268 1288 2440 1333 mira-

268 1366 401 1419 όιὶῖἰε
432 1372 646 1432 habita,
681 1375 816 1438 qvod
846 1375 982 1436 regis
1013 1391 1173 1436 nepos
1206 1384 1365 1437 atqve
1407 1376 1555 1420 illius
1590 1385 1736 1423 natae
1753 1375 1934 1436 silius,
1981 1393 2093 1438 qvae
2114 1377 2295 1421 multis
2316 1383 2440 1421 ante

269 1454 731 1512 dtinis'XV‘annos
753 1472 886 1509 nata
901 1464 1126 1525 ‘captiva
1150 1463 1338 1508 ablata
1359 1471 1504 1522 esset,
1522 1465 1642 1526 jam
1666 1452 1778 1511 cum
1793 1482 1911 1527 rege
1934 1466 2208 1512 adveniret
2217 1482 2235 1527 >⁶
2265 1480 2442 1513 verum

270 1533 753 1619 tamen'Melkorkoe
773 1552 1041 1609 nutricem,
1063 1568 1175 1615 qvae
1198 1561 1306 1597 tum
1329 1553 1382 1597 in
1404 1554 1535 1598 lecto
1569 1553 1811 1599 decubuit
1834 1551 1885 1600 ὃς
1913 1554 2090 1599 morbo
2114 1551 2164 1599 8(
2185 1559 2442 1598 senectute

197 1647 222 1686 .’
268 1639 496 1704 infirma,
531 1640 719 1694 hoeJes
739 1640 964 1687 maxime
977 1639 1267 1698 movebant,
1286 1655 1409 1685 nam
1425 1639 1524 1686 illa
1547 1641 1659 1687 sine
1683 1641 1869 1688 baculo
1891 1658 2100 1704 egressa
2126 1642 2201 1687 ad
2218 1641 2443 1688 Olav'um

246 1721 687 1794 ‘excipiendum
719 1730 861 1788 Τιιιιι
895 1744 986 1774 rex
1021 1729 1249 1783 Olavum
1276 1729 1670 1791 alloqvebatur:
1714 1731 1824 1778 Hic
1838 1732 1960 1794 jam
1982 1732 2135 1777 adest
2154 1730 2442 1777 Melkorkoe

267 1817 452 1893 nutrix
492 1816 543 1864 8<
583 1835 710 1875 sane
754 1819 943 1880 opinor
977 1818 1130 1863 illam
1157 1818 1326 1862 multa
1362 1834 1397 1863 a
1428 1827 1475 1864 te
1510 1819 1643 1865 scire
1677 1821 1808 1868 velle
1855 1823 1918 1866 de
1957 1820 2107 1867 rebus
2138 1820 2437 1874 Melkozkoe.

267 1877 433 1953 fliam
459 1886 658 1954 Ol‘avus
677 1908 831 1953 latus
844 1908 1082 1969 excepit,
1133 1923 1390 1970 anumqve
1421 1909 1620 1969 gremio
1659 1910 1933 1971 imposuit,
1972 1910 2224 1972 illiusqve
2263 1909 2441 1954 alum—

269 2010 396 2042 nam
419 1995 474 2041 in
495 1995 743 2042 Islandia
769 1996 889 2043 bene
907 1996 1170 2043 valentem
1193 1974 1374 2057 degere
1399 1973 1715 2056 affirmavit7·
1762 1998 1947 2044 deinde
1973 1975 2293 2045 ombus-illi
2325 1997 2442 2041 cul-

273 2091 415 2128 trum
442 2092 596 2147 atqve
617 2085 845 2130 balteum
873 2084 1100 2130 tradidit
1133 2080 1183 2128 8<
1217 2099 1352 2128 anus
1385 2084 1496 2128 haec
1529 2085 1731 2146 qvidem
1761 2086 1967 2131 cimelia
2011 2086 2283 2149 cognovit„
2321 2100 2441 2147 prae

271 2172 471 2234 gaudio
492 2174 760 2235 lacrymas
796 2171 1095 2236 effundens,
1139 2181 1294 2234 atqve
1321 2172 1458 2218 dixit
1479 2172 1766 2218 Melkorkae
1781 2173 1961 2234 fllium
1998 2184 2281 2236 augustum
2314 2191 2441 2221 sane

274 2260 593 2327 pinumaesse,
607 2279 784 2317 verum
809 2262 906 2315 hoc
917 2275 1022 2307 non
1043 2261 1345 2312 mirandum
1369 2277 1483 2306 cum
1501 2269 1796 2313 maternum
1817 2265 1925 2308 tale
1933 2279 2096 2325 genus
2114 2263 2260 2321 esset,
2281 2260 2440 2309 &hac

275 2349 505 2419 gvidem
499 2358 612 2404 tota
638 2351 818 2419 hyeme
845 2349 978 2402 satis
997 2357 1116 2395 erat
1140 2348 1262 2395 bene
1308 2350 1503 2399 valens.
1595 2352 1716 2396 Hoc
1739 2368 1843 2413 per
1878 2361 2045 2399 totum
2078 2361 2279 2415 tempus
2314 2350 2444 2396 bru-

272 2438 473 2523 ιιιαῖῆ
433 2454 523 2485 rex
540 2454 742 2523 parum
767 2420 941 2520 quieta
965 2455 1088 2484 usus
1107 2447 1186 2483 est
1205 2439 1503 2497 mansione,
1540 2457 1663 2486 nam
1695 2450 1803 2488 tum
1823 2443 2168 2488 occidentales
2204 2441 2442 2503 regiones

275 2529 440 2591 multo
477 2528 610 2574 bello
635 2514 865 2589 infestae5
894 2508 994 2573 sed
1030 2544 1120 2573 rex
1150 2544 1211 2573 ea
1245 2527 1424 2588 hyeme
1463 2529 1681 2589 piratas
1709 2527 1759 2576 8<
1796 2548 2094 2600 excursores
2129 2548 2162 2576 a
2174 2531 2294 2580 ,suis
2313 2528 2442 2590 fini-

275 2618 369 2665 bus
395 2605 771 2694 propulsabat.
869 2617 1067 2664 Olavus
1100 2633 1214 2662 cum
1251 2617 1359 2662 suis
1397 2617 1551 2663 sociis
1579 2618 1633 2664 in
1662 2619 1831 2682 ipsius
1857 2621 1995 2683 regis
2016 2621 2142 2668 navi
2164 2620 2360 2679 adfuit,
2395 2613 2445 2662 8<

277 2705 404 2754 illa
417 2706 620 2770 qvidem
655 2707 838 2752 cohors
872 2702 1009 2752 inter
1040 2706 1328 2754 validiores
1365 2706 1550 2752 habita·
1585 2707 1652 2753 ab
1682 2709 1793 2754 illis
1827 2709 2125 2772 'qvibuscum
2157 2722 2443 2755 concursa-

276 2802 408 2844 νήια.
463 2795 614 2841 Tum
633 2811 730 2841 rex
754 2795 911 2842 Olavi
933 2804 1087 2858 atqve
1113 2796 1260 2842 illius
1283 2797 1538 2842 sociorum
1553 2797 1850 2858 plurimum
1868 2816 1994 2845 usus
2016 2799 2246 2863 alloqvio
2269 2795 2444 2842 consi-

280 2885 502 2948 quqe5
516 2900 682 2943 nam
697 2885 923 2937 Olavum
954 2884 1320 2946 experiebatur
1365 2886 1446 2932 vit
1450 2902 1536 2931 um
1567 2889 1882 2948 prudentem
1926 2897 2080 2950 atqve
2110 2888 2165 2934 in
2211 2884 2444 2933 omnibus

269 2973 470 3035 fortem
489 2974 786 3038 periculis.
828 2975 1032 3038 Hyeme
1056 2990 1235 3021 versus
1244 2972 1406 3034 finem
1432 2982 1693 3037 vergente,
1750 2993 1838 3022 rex
1874 2977 2107 3023 homines
2138 2977 2210 3022 ad
2237 2975 2445 3021 concio—

283 3080 399 3111 nem
426 3064 744 3138 convocavit,
779 3065 934 3113 multi
961 3063 1031 3109 ibi
1048 3064 1299 3109 mortales
1325 3079 1483 3125 congr
1486 3064 1685 3126 egaban
1699 3073 1814 3124 tur,·
1866 3074 1975 3113 tum
2007 3083 2097 3114 rex
2122 3081 2338 3128 surgens
2366 3064 2444 3108 ita

268 3154 450 3216 fando
471 3167 683 3199 exorsus
708 3133 813 3199 est:
848 3154 992 3200 Satis
1014 3136 1220 3199 constat
1241 3154 1425 3199 ultimo
1450 3163 1703 3201 autumno
1725 3156 1998 3204 advenisse
2025 3157 2222 3214 virum,
2278 3168 2444 3219 meum

2081 3248 2175 3294 L2
