2956 3854
1241 266 1370 333 405

218 429 489 493 insculpta
528 430 847 479 haberentur
865 430 945 496 *),
971 471 973 473 .
1003 431 1162 478 satis-
1186 419 1423 492 constat,
1485 434 1792 482 vocabulum
1826 429 2095 483 Jart'eiknir
2136 452 2249 485 cum
2282 439 2396 486 bref

214 520 544 583 conjunctum
567 519 641 584 **)
688 521 829 568 nilzil
862 522 1038 580 aliud,
1099 535 1254 585 quam
1290 511 1497 585 sigilla,
1547 523 1844 586 significare
1862 518 2040 588 posse.
2089 522 2389 587 '⁴JAnnulus‚

212 607 302 670 qui
326 608 633 670 affirmandi
652 625 817 655 causa
831 644 848 666 ,
876 618 1167 674 antequam
1194 624 1288 657 ars
1315 611 1573 659 scribendi
1595 615 1670 660 ad
1688 614 1875 660 literas
1905 617 2115 663 dandas
2145 608 2388 665 adhiberi

212 696 438 760 incepit,
473 715 582 745 una
610 715 726 745 cum
750 699 953 746 nuntiis
973 693 1311 760 mittebatur,
1332 711 1333 714 ’
1339 702 1627 764 postquam
1651 702 1761 764 ipse
1769 704 1890 764 jam
1913 707 2385 768 sz'gnatoriusfac-

209 791 295 832 tus
317 793 417 852 est,
463 775 638 839 eodem
662 788 910 845 consilio,
959 791 1064 836 non
1089 790 1258 836 solum
1283 791 1358 836 ad
1381 788 1676 854 signandas
1712 792 1898 839 literas
1921 795 2251 857 pertinebat,
2296 797 2386 843 sed

208 874 370 922 etiam
390 875 502 930 sine
524 860 696 924 literis
717 878 821 926 vim
845 878 1142 941 pristinam
1176 878 1557 944 ‘servabat***).
1641 882 1866 930 Illorum
1903 892 2079 932 autem
2115 886 2385 949 signorum

203 980 370 1027 genus
393 967 658 1029 quoddam
688 967 780 1014 diu
809 971 1098 1031 postquam
1120 969 1475 1016 Scanainavts·
1490 971 1733 1018 'innotuit
1754 973 2105 1034 epistolarum
2124 970 2384 1034 exaratio,

206 1054 281 1099 ad
315 1052 832 1106 communicationem
867 1058 1291 1121 qualemcumque
1331 1067 1383 1104 et
1413 1060 1801 1106 clandestinum
1839 1062 1976 1108 inter
2010 1064 2244 1110 homines
2284 1081 2383 1111 no·-

203 1135 396 1191 varum¹
420 1161 594 1192 rerum
619 1146 882 1192 studiosos
904 1147 1291 1206 commercium,
1337 1147 1719 1194 instituendum
1742 1150 1998 1210 valuisse,
2035 1169 2061 1198 e
2085 1152 2197 1198 loco
2226 1154 2304 1199 Sa
2320 1170 2385 1200 x-

205 1233 349 1279 onis
383 1242 675 1281 memoratu
710 1233 1350 1298 dignissimofljluculenter
1379 1245 1536 1299 patet
1565 1236 1712 1297 ****).·
1797 1239 1882 1298 lbi
1923 1249 2097 1287 autem
2132 1241 2384 1305 Magnus,

201 1321 364 1384 Regis
402 1322 552 1370 Erici
585 1323 724 1370 Lam
742 1321 920 1384 filius,
967 1325 1212 1371 nuntium
1251 1342 1364 1372 cum
1394 1326 1657 1389 stipulato
1685 1327 1834 1391 signo
1863 1329 2066 1376 misisse
2093 1330 2290 1377 dicitur
2310 1332 2385 1378 ad

199 1410 394 1458 Eskilli
425 1410 835 1474 Archiepiscopi
869 1412 1040 1474 efilia
1084 1422 1324 1478 nepotes,
1386 1417 1475 1479 qui
1513 1426 1698 1463 contra
1740 1419 1937 1480 Regem
1976 1420 2382 1469 Waldemarum

203 1500 374 1547 Imum
399 1517 514 1547 cum
539 1502 634 1548 illo
656 1503 1094 1560 conjuraverant,-
1125 1506 1201 1552 Ἰ
1204 1505 1499 1566 lzormerus,
1539 1523 1603 1552 ac
1629 1523 1804 1553 coram
1829 1523 1947 1570 rege
1968 1524 2129 1571 super
2145 1511 2380 1557 manda-

200 1590 326 1650 ''tis,
365 1607 581 1654 quorum
615 1600 747 1638 esset
775 1594 1027 1655 gerula-9,
1049 1595 1404 1657 perquisitus,
1446 1603 1575 1658 post
1601 1596 1823 1643 diutinoe
1859 1598 2157 1660 negationis
2190 1601 2381 1648 amba-—

201 1680 332 1742 f'ges,
370 1680 676 1743 quaestionis
699 1690 841 1727 metu
865 1683 1067 1728 cred-ita
1092 1683 1191 1730 sibi
1213 1693 1412 1731 secreta
1437 1687 1647 1743 detexit,
1683 1687 1733 1732 li
1741 1703 1936 1748 gnum
1959 1704 1985 1734 c
2003 1704 2095 1735 om
2103 1706 2191 1752 pa
2206 1699 2264 1736 ct
2279 1691 2380 1749 ile,

203 1769 392 1832 ”quale
426 1786 477 1815 m
496 1784 607 1816 ore<
637 1770 884 1816 danico
921 1771 1059 1818 inter
1090 1773 1288 1818 amicos
1321 1773 1556 1835 sigilli
1586 1774 1690 1821 vim
1726 1774 1958 1835 obtinet,
1993 1793 2027 1823 a
2056 1794 2109 1824 se
2138 1779 2384 1841 epis'tolae

199 1857 919 1922 ’,’Ζοοο,36δία1“ἰ,τέθηλε-98113,
965 1862 1112 1924 cujus
1147 1862 1424 1909 dimidium
1460 1880 1494 1909 a
1521 1864 1725 1910 Canuto
1763 1872 1813 1911 et
1843 1864 2032 1912 Car-olo
2060 1868 2287 1929 perinde
2315 1884 2381 1916 ac

199 1947 669 2010 ”syngraphus
702 1948 1031 1996 haberetur.”
1294 1956 1295 1959 ’

469 2037 637 2084 Sensu
653 2072 656 2079 .
671 2039 952 2086 transitivo
986 2041 1293 2089 vocabulum
1317 2044 1559 2112 Jarteikn,
1606 2043 1856 2092 idiomate
1879 2055 1984 2093 non
2007 2047 2175 2095 solum
2195 2048 2383 2097 Islan-

201 2123 418 2187 dorum,
449 2127 541 2173 sed
562 2127 846 2175 Danorum
869 2130 1032 2176 etiam
1056 2139 1105 2178 et
1134 2131 1432 2188 Svecorum,
1469 2132 1761 2196 significat:

299 2233 342 2266 1.
378 2216 622 2269 sensibile
643 2219 1209 2282 quodlibetindicium,
1247 2235 1346 2286 quo
1368 2216 1487 2270 dere
1513 2222 1769 2269 accidisse
1794 2223 2006 2288 aliquid
2023 2227 2253 2288 probari
2270 2245 2380 2292 po-

244 2290 247 2295 *
383 2315 500 2355 test.
534 2332 538 2336 -
570 2307 662 2353 Ita
688 2308 1067 2369 Geirmundus,
1102 2313 1186 2357 cui
1207 2313 1581 2373 Jomsvicenses
1605 2314 1938 2383 expeditione
1962 2317 2379 2381 suabNorvegica

380 2396 577 2460 digitos
622 2397 986 2459 absciderant,
1043 2403 1264 2449 mutilas
1301 2419 1428 2449 suas
1465 2419 1655 2450 manus
1682 2405 1898 2451 Haconi
1937 2399 2093 2452 Jarlo
2128 2408 2382 2469 protulit,

380 2487 538 2563 ”segir
568 2491 627 2534 at
633 2495 729 2545 par
748 2505 871 2536 voro
895 2486 962 2546 Ja
977 2497 1032 2538 rt
1047 2493 1288 2552 eiknir,
1326 2501 1374 2539 at
1391 2490 1519 2539 herr
1541 2509 1630 2541 var
1651 2493 1669 2538 i
1693 2493 2114 2558 landino*****).”

242 2614 244 2618 .
281 2591 340 2628 ..⁴2.
368 2584 682 2654 portentum
701 2592 790 2625 seu
816 2596 963 2627 omen
1001 2582 1284 2650 defuturis
1311 2581 1487 2649 rebus.
1549 2584 1638 2630 Ita
1666 2584 1903 2644 fatidica
1944 2586 2188 2649 quaedam
2216 2587 2377 2651 Inge-

378 2669 575 2716 mundo
607 2668 745 2725 seni,
790 2686 904 2716 eum
930 2671 986 2717 in
1019 2672 1271 2718 Islandia
1306 2643 1675 2719 habitaturum
1707 2689 1844 2731 esse,
1880 2675 2094 2721 cecinit:
2127 2677 2221 2723 ”ok
2250 2678 2378 2725 kvad

379 2755 514 2816 '’pa-t
528 2758 584 2805 til
615 2759 965 2822 Jarteikua,
1001 2769 1050 2808 at
1080 2769 1146 2820 pa
1175 2761 1346 2809 mundi
1376 2762 1478 2810 lutr
1499 2742 1703 2809 horfinn
1732 2779 1791 2810 or
1812 2763 1949 2825 pussi
1970 2764 2094 2811 hans
2105 2797 2120 2825 ,
2170 2765 2230 2813 ok
2249 2766 2378 2815 kvad

306 2893 346 2949 *)
376 2892 759 2948 Sturhinga-Saga‚
782 2897 853 2944 II.,
876 2909 917 2949 p.
933 2902 1057 2942 222
1086 2895 1827 2950 ”f1n0r-„uu--var.d0ckrsteinm'
1850 2897 1905 2938 ok
1916 2897 2072 2951 grafita
2093 2896 2376 2954 1111131811.η

216 3007 221 3011 ,
283 2967 326 2987 ’'¹'‘
328 2963 345 3019 )
374 2966 569 3016 Exempl.
589 2979 660 3018 gr.
681 2966 1008 3020 Heimskringla,
1033 2969 1113 3009 ΙΙΙ
1131 2982 1173 3021 Ρ·
1200 2973 1307 3015 328·

260 3033 346 3089 ***)
383 3035 654 3086 Temporibus
681 3039 808 3076 etiam
829 3039 1140 3090 expeditionum
1160 3042 1451 3079 cruciatorum
1467 3040 1618 3080 annuli
1644 3041 1725 3079 tali
1749 3038 1924 3078 consilio
1945 3040 2070 3078 missi
2088 3048 2203 3088 sunt,
2231 3039 2290 3084 W
2306 3038 2376 3080 il-

380 3105 486 3145 ken
508 3105 659 3145 Gesch.
682 3107 721 3147 d.
744 3106 1018 3160 Kreuzziige‚
1042 3111 1097 3150 II.
1119 3124 1163 3163 p
1187 3115 1299 3158 448.
1475 3133 1479 3137 ·

243 3174 350 3230 ****)
379 3175 477 3216 Lib
501 3178 624 3218 XIV
642 3192 690 3229 Ρ.
717 3182 823 3237 359.
838 3179 929 3230 cfi'.
955 3180 1171 3220 Sulzmn'
1191 3182 1346 3222 Danm.
1360 3180 1534 3230 -Hist.·‚
1556 3180 1661 3221 ΥΠ.
1686 3193 1728 3232 Ρ.
1752 3183 1861 3228 496.
2020 3218 2023 3220 ,

224 3244 355 3300 *****)
383 3247 724 3299 fleimskringla,
753 3249 787 3288 1.
813 3261 855 3300 Ρ
880 3254 1003 3299 234,·
1036 3252 1130 3292 alia
1154 3254 1343 3305 exempla
1362 3252 1452 3293 ιὲιῖ.
1477 3249 1596 3290 Olafs
1618 3251 1943 3304 Tryggvaso-nar
1956 3252 1997 3296 S,
2020 3251 2081 3292 ed.
2104 3250 2244 3293 Seeck.
2269 3252 2309 3294 J.
2322 3266 2358 3304 p

385 3323 491 3367 174.
551 3318 716 3359 sverris
732 3319 859 3372 Saga,
885 3333 926 3373 p.
951 3324 1077 3368 264.-
