2956 3854
1237 230 1535 315 „js-1...-

291 413 401 452 tum
455 402 710 467 Helgium
745 403 985 465 fratrem
1027 397 1170 446 adiit
1218 415 1333 446 cum
1379 402 1495 448 XX
1538 388 1779 462 suorum3
1841 420 1937 468 qvo
1991 401 2081 450 ubi
2128 410 2336 451 ventum
2383 414 2476 465 est,

271 494 462 558 frater
482 494 572 540 illi
593 492 798 542 obviam
817 491 915 539 ivit
935 487 986 536 8<
1005 505 1234 537 sororem
1256 493 1441 538 cumX
1456 492 1611 538 sociis
1637 493 1888 540 invitavit
1898 511 1916 556 ,-
1953 494 2053 540 illa
2072 510 2198 542 vvero
2225 494 2477 541 iracunde

244 613 246 615 >
283 583 663 650 respondebat,
729 580 1039 644 negavitque
1061 579 1162 627 sibi
1183 589 1365 628 notum
1390 582 1570 642 fuisse
1599 582 1752 628 illum
1780 583 1940 629 talem
1962 600 2066 629 esse
2087 584 2475 645 homunculum,

284 674 552 740 atqqesio
589 671 746 733 abiit,
794 668 1041 734 Bj'o'rnem
1061 670 1301 732 fratrem
1330 688 1480 719 suum
1514 672 1569 718 in
1591 670 1962 734 Breidafiordo
1993 682 2337 732 conventura,
2387 676 2475 739 qvi

283 745 374 830 ubi
397 741 594 809 sororis
619 763 904 814 adventum
928 761 1208 824 comperit,
1257 778 1373 808 cum
1405 762 1747 809 multitudine
1772 761 2040 808 hominum
2074 762 2158 809 illi
2190 763 2395 811 obviam
2434 765 2478 811 it

284 852 598 917 benigneqve
632 853 852 915 excipit,
911 868 1122 915 eamqve
1155 853 1230 899 ad
1262 854 1314 897 se
1346 868 1460 898 cum
1494 861 1603 900 toto
1642 869 1736 900 suo
1766 851 2020 898 comitatu
2051 837 2334 914 invitavit,
2382 848 2474 901 ille

230 984 232 988 ,
283 936 428 991 enim³
442 943 645 989 'sororis
665 934 863 989 elatum
885 941 1120 988 animum
1148 942 1408 990 noscebat.
1478 936 1598 990 Hoc
1627 943 1712 988 illi
1725 940 1953 1005 perbene
1963 940 2194 1003 placuit,
2224 928 2474 1005 gratias-

234 1060 236 1063 ⁴
274 1040 380 1099 -qve
397 1033 509 1096 egit
531 1032 712 1093 fratri
742 1031 802 1077 ob
829 1031 977 1076 illius
1001 1030 1171 1075 animi
1195 1031 1628 1093 magnitudinem.
1702 1030 1787 1079 Ibi
1800 1047 1903 1095 per
1919 1031 2475 1095 hyemem‘commora-

285 1122 444 1170 batur
472 1122 529 1179 >in
558 1119 1082 1183 magnificentissimo
1117 1119 1350 1183 hospitio
1362 1127 1381 1181 ‚‘
1423 1123 1557 1168 satis
1592 1121 1729 1168 enim
1765 1138 1924 1186 opum
1954 1130 2072 1167 erat
2104 1138 2262 1186 neqve
2304 1139 2474 1185 pecu-

284 1212 670 1275 nioeparsitum
682 1219 759 1257 est
767 1227 786 1271 5
807 1226 925 1258 vere
938 1218 1114 1256 autem
1124 1210 1562 1274 Breidaffio'rdum
1577 1213 1789 1277 trajecit
1800 1221 1956 1276 atqve
1970 1214 2044 1258 ad
2049 1213 2471 1275 promontorium

286 1302 548 1369 qvoddam
582 1300 829 1363 adpulit5
902 1300 976 1346 ibi
1014 1317 1127 1346 cum
1163 1301 1321 1347 sociis
1354 1301 1688 1363 prandebat,
1737 1304 1874 1348 unde
1911 1304 2023 1348 loco
2053 1303 2470 1365 Dagverdarnes
2533 1333 2538 1335 -

284 1391 530 1457 (prandii
543 1390 993 1454 promontorium)
1014 1407 1197 1437 nomen
1225 1391 1451 1437 inditum
1475 1401 1568 1450 est,
1608 1392 2334 1455 indeqveMedalfellsstr'o’nd
2350 1390 2470 1446 (lit-

285 1475 373 1528 tus
385 1482 578 1528 montis
601 1480 919 1537 intermedii)
934 1480 1248 1539 extenditur,
1268 1481 1454 1527 deinde
1475 1482 1604 1529 navi
1616 1473 2109 1544 Hvammsfjordum
2123 1481 2350 1527 intravit
2365 1480 2469 1526 ibi-

285 1582 380 1635 qve
403 1571 479 1617 ad
491 1565 913 1633 promontorium
945 1571 1207 1633 qvoddam
1229 1571 1476 1633 appulit,
1512 1571 1768 1633 paullum
1797 1570 1870 1615 ibi
1890 1578 2239 1625 commorata,
2281 1569 2469 1616 ibidem

290 1661 516 1708 Unnura
539 1663 542 1665 ’
549 1642 739 1722 pecten
775 1659 983 1718 amisit,
1047 1660 1168 1706 inde
1209 1659 1322 1705 loco
1360 1675 1545 1706 nomen
1582 1652 1874 1706 Kambsnes
1919 1658 2169 1721 (pectinis
2208 1675 2470 1722 promon-

283 1750 516 1808 torium).
586 1752 781 1796 Postea
806 1766 979 1796 omnes
1001 1750 1171 1815 valles
1193 1749 1564 1812 Breidafiordi
1579 1749 1924 1812 peragravit,
1976 1757 2279 1812 tantumqve
2314 1757 2469 1795 terroe

285 1839 571 1904 occupavit
595 1817 847 1903 qvantum
884 1839 991 1902 ipsi
1014 1839 1246 1904 placuit.
1337 1841 1466 1887 Tum
1487 1840 1759 1888 vero'navi
1778 1839 1832 1886 in
1858 1839 2046 1886 intima
2072 1841 2219 1886 sinus
2232 1839 2470 1898 advecta,

270 1907 547 2000 'supremae
568 1930 705 1977 sedis
728 1931 1001 1977 columnas
1026 1930 1081 1976 in
1107 1938 1306 1999 terram
1328 1931 1519 1994 ejectas
1538 1930 1751 1978 invenit.
1808 1919 1945 1976 'Jam
1956 1929 2105 1975 lzaud
2126 1929 2360 1991 amplius
2381 1929 2469 1974 in-

271 2009 458 2068 certus
481 2020 820 2080 locusfuturi
838 2019 1151 2066 habitaculi.
1195 2009 1199 2013 ”
1225 2020 1338 2067 Illa
1360 2021 1548 2067 villam
1568 2018 1937 2080 aedzflcandam
1958 2019 2169 2065 curavit
2194 2019 2248 2063 in
2274 2035 2331 2064 eo
2356 2019 2468 2064 loco

287 2103 581 2175 qvi‘postea
604 2095 903 2156 Hvammus
942 2111 1157 2170 (patens
1179 2108 1246 2154 ab
1267 2125 1374 2171 una
1391 2094 1557 2171 parte
1586 2107 1967 2163 convallicula)
1999 2116 2335 2169 nuncupatus
2363 2116 2469 2169 est3

287 2198 456 2264 ibiqve
479 2198 761 2245 habitavit.
841 2199 1037 2245 Eodem
1068 2213 1211 2257 vere,
1266 2214 1361 2260 qvo
1404 2199 1624 2244 Unnura
1650 2186 2015 2243 habitaculum
2052 2196 2151 2242 sibi
2174 2197 2469 2243 construxit

282 2287 556 2344 Hvammi,
589 2288 780 2333 Kollus
806 2287 852 2333 T
847 2286 1163 2349 horgerdam
1171 2285 1353 2347 filiam
1373 2286 1671 2332 Thorsteini
1686 2287 1868 2333 Raudi
1881 2303 2090 2333 uxorem
2107 2287 2259 2332 duxit
2268 2304 2286 2346 ,·
2324 2303 2468 2350 nup-

285 2378 417 2426 tiale
443 2378 583 2424 illud
599 2377 895 2424 convivium
926 2378 1159 2423 Unnuroe
1184 2376 1433 2439 impensis
1451 2385 1732 2441 peractum
1755 2385 1845 2423 est.
1917 2376 2029 2422 Illa
2052 2376 2096 2422 T
2093 2376 2367 2438 liorgerdce
2384 2385 2469 2421 to-

283 2477 397 2518 tum
413 2468 788 2516 Laxardalum
813 2468 1132 2526 (salmonum
1157 2468 1331 2537 amnis
1353 2469 1568 2525 vallem)
1592 2484 1698 2531 pro
1724 2469 1842 2514 dote
1863 2467 2020 2513 dedit.
2092 2467 2282 2514 Kollus
2311 2466 2469 2512 liabi—

287 2560 524 2608 taculum
558 2557 658 2604 sibi
698 2558 894 2604 struxit
940 2558 995 2604 in
1021 2575 1079 2604 eo
1117 2558 1228 2604 loco
1260 2559 1347 2621 qvi
1384 2576 1418 2604 a
1441 2559 1616 2621 fluvio
1642 2560 1803 2605 Laxa'
1839 2573 2018 2605 versus
2057 2556 2324 2603 meridiem
2363 2565 2466 2619 est7·

285 2649 438 2699 illius
461 2647 580 2698 erat
597 2665 899 2713 permagna
922 2647 976 2694 in
1003 2648 1223 2694 consilio
1250 2649 1559 2694 auctoritas.
1634 2649 1808 2695 Filius
1833 2648 1916 2693 illi
1943 2655 2059 2694 erat
2075 2647 2397 2693 Ilo’skulduS.

1201 2788 1379 2846 CAP.
1431 2787 1540 2845 VI.

500 2983 503 2984 ⁷
546 2896 765 2970 Postea
810 2922 1033 2971 Unnura
1062 2906 1314 2986 pluribus
1341 2920 1643 2984 portionem
1683 2928 1838 2967 terrce
1873 2938 1906 2967 a
1945 2936 1998 2966 se
2034 2926 2304 2982 occupatae
2341 2934 2469 2966 con-

256 3058 258 3060 .
287 3008 454 3059 cessit.
527 3011 716 3060 Hordo
740 3022 905 3060 totum
921 3014 1303 3060 H'ordadalum
1327 3030 1482 3076 usqve
1506 3009 1811 3073 a'dfluvium
1834 3011 2296 3072 Skramulzlaupsa'
2311 3008 2468 3055 dedit·

289 3101 395 3150 Ille
412 3099 864 3159 Hordabolstadis
882 3103 1180 3166 habitavit5
1217 3104 1300 3153 vir
1328 3101 1843 3165 illustrisfelicisqve
1864 3101 2063 3164 stirpis.
2149 3099 2468 3161 Illiusfilius

291 3198 411 3242 erat
429 3189 663 3256 Asbj'orn
684 3192 870 3256 Audgi
891 3192 1076 3259 (dives)
1102 3195 1187 3259 qvi
1207 3195 1261 3243 in
1291 3193 1638 3256 Ornolfsdalo
1671 3191 2152 3258 Asbjarnarstadis
2186 3188 2468 3238 habitavit-

2110 3284 2148 3329 B
2171 3297 2197 3327 2
