2956 3854
1316 254 1434 305 111

863 419 966 467 Sed
982 417 1308 466 convalesces
1327 416 1528 479 qvidem
1553 422 1608 462 tu
1619 447 1637 472 ,

857 507 971 570 Ego
992 513 1166 555 autem
1182 522 1292 552 non
1320 504 1456 552 item.

284 599 415 648 qum
438 605 699 656 venerunt,
714 595 800 659 qvi
819 595 1113 642 Haldorem
1129 608 1158 641 ‘e
1171 593 1482 658 pavimento
1498 594 1758 652 tollerent,
1779 591 1998 638 Bersius
2020 609 2139 640 vero
2161 608 2255 641 con
2265 594 2448 642 valuit.

278 687 364 735 Ibi
385 689 601 734 Haldor
621 681 975 740 adolescebat,
1009 699 1310 746 magnoeqve
1329 690 1553 728 staturoe
1574 690 1728 746 atqve
1741 680 1906 741 fortis
1930 682 2099 728 evasit
2114 684 2209 729 vir.
2279 684 2451 746 Kjar-

281 784 439 822 tanus
471 773 628 820 Olavi
646 772 793 833 filius
817 772 1203 833 Hjardarlzolti
1227 772 1368 818 domi
1388 773 1639 818 educatus
1664 778 1741 817 est
1750 787 1769 832 ,·
1815 769 1906 815 ille
1913 769 2034 830 fuit
2058 771 2451 832 pulcherrimus

279 863 533 921 o'm‘nium,
568 861 654 925 qvi
683 861 738 907 in
760 860 1007 907 Islandia
1031 861 1150 907 nati
1172 868 1322 919 sunt3
1356 877 1579 924 magnus
1604 859 1700 906 illi.
1713 859 1906 917 vultus,
1932 866 1991 903 at
2011 858 2242 920 pulchra
2255 860 2450 920 facies,

279 950 417 997 oculi
434 949 831 1011 formosissimi,
853 949 1111 996 candidus
1135 950 1292 1008 color,
1317 950 1484 996 crines
1497 949 1582 994 illi
1599 947 1755 994 multi
1779 945 2109 1008 splendentes
2133 946 2213 991 uti
2230 947 2452 993 sericum

278 1037 406 1087 &in
429 1039 695 1085 cincinnos
717 1038 890 1094 divisi,
909 1053 1105 1100 magna
1138 1038 1223 1084 illi
1253 1045 1467 1083 statura
1492 1045 1647 1099 atqve
1671 1035 1845 1091 robur,
1876 1034 2304 1095 qvemadmodum
2326 1049 2448 1080 ma-

280 1132 426 1176 terno
446 1142 546 1174 avo
574 1124 747 1184 illius,
791 1126 970 1187 Egillo
998 1125 1107 1172 sive
1138 1125 1389 1187 Thorolfo
1401 1142 1420 1186 ,-
1463 1125 1648 1171 melior
1670 1122 2068 1187 Kjartanofuit
2091 1120 2306 1167 habitus
2328 1138 2449 1171 cor-.-

269 1216 424 1284 poris
448 1215 737 1281 ‘qvamulli
759 1214 884 1272 alii,
932 1222 991 1260 ut
1022 1214 1273 1270 omnium,
1319 1214 1404 1277 qvi
1427 1214 1578 1260 illum
1602 1213 1879 1270 viderent,·
1908 1218 2247 1257 commoveret
2271 1211 2450 1257 admi-

277 1304 564 1376 rationem;
599 1303 784 1349 melior
807 1303 892 1348 illi
916 1320 1107 1367 qvoqve
1130 1318 1398 1350 armorum
1422 1318 1574 1358 usus,
1610 1317 1763 1364 qvam
1780 1289 2047 1362 plerisqve
2072 1298 2222 1360 aliis3
2256 1299 2448 1360 fabri-

278 1393 437 1439 candi
458 1408 653 1455 magna
677 1393 725 1438 ei
747 1392 1034 1438 dexteritas
1056 1392 1320 1454 nandiqve
1334 1391 1539 1453 peritia
1562 1388 1782 1447 eximia5
1820 1387 2047 1432 omnium
2066 1387 2264 1433 artium
2289 1389 2449 1435 laude

276 1480 500 1528 multum
529 1481 668 1527 alios
701 1479 934 1527 homines
960 1481 1262 1542 superavit,
1310 1479 1481 1540 major
1512 1479 1687 1525 inerat
1716 1475 1972 1522 modestia
2008 1491 2162 1537 qvam
2197 1475 2299 1520 ulli
2330 1475 2447 1533 alii,

279 1576 439 1633 atqve
456 1569 534 1614 ita
549 1577 668 1615 erat
688 1568 926 1617 amicitia
941 1568 1094 1627 felix,
1112 1575 1172 1613 ut
1191 1567 1274 1614 vel
1284 1583 1317 1612 a
1339 1566 1519 1628 quovis
1545 1566 1752 1625 infante
1775 1564 2099 1625 diligeretur,
2111 1562 2306 1608 hilaris
2327 1572 2446 1609 erat

277 1657 521 1719 haudqve
538 1652 743 1718 parcus
764 1656 1023 1717 pecuniae.
1099 1655 1424 1717 Kjartanum
1450 1654 1650 1699 Olavus
1679 1650 1903 1696 maxime
1932 1649 2213 1696 liberorum
2235 1656 2447 1697 suorum

276 1744 544 1808 diligebat.
614 1743 842 1802 Bollius,
876 1744 962 1806 qvi
976 1743 1248 1790 simulcum
1268 1759 1325 1789 eo
1346 1740 1687 1799 educabatur,
1721 1747 1840 1785 erat
1860 1754 2068 1800 magnae
2092 1746 2318 1786 staturoe
2341 1741 2448 1797 vir,

270 1832 331 1883 ff&
351 1834 523 1899 qvoad
546 1849 718 1879 omnes
738 1840 880 1878 artes
903 1828 954 1878 8<
976 1833 1120 1878 dotes
1138 1833 1408 1895 Kjartano
1416 1830 1709 1893 proximus,
1731 1827 1975 1874 robustus
1993 1828 2078 1875 vir
2101 1835 2255 1890 atqve
2282 1845 2446 1876 venu—

279 1932 407 1986 stus,
430 1922 663 1969 urbanus
685 1929 839 1984 atqve
859 1920 1105 1966 martiali
1126 1928 1361 1981 aspectu,
1395 1935 1611 1981 pompoe
1632 1917 1855 1963 multum
1876 1916 2111 1976 deditus5
2143 1917 2445 1979 Kjartanus

279 1991 432 2074 atqve
448 2011 646 2058 Olavus
658 2010 880 2056 multum
905 2026 957 2054 se
981 2009 1200 2055 invicem
1222 2007 1527 2068 diligebant.
1563 2007 1683 2052 Jam
1703 2006 1903 2051 Olavus
1905 2005 2093 2066 plures
2110 2021 2278 2051 annos
2307 2005 2448 2052 domi

277 2097 477 2165 qvietus
486 2097 790 2160 familiaris
812 2097 890 2143 rei
907 2112 1088 2143 curam
1109 2094 1340 2159 gerebat.

1136 2294 1311 2361 CAP.
1360 2303 1599 2358 XXXI.

549 2441 625 2507 V
616 2461 948 2525 ere‘qvodam
983 2457 1183 2504 Olavus
1224 2455 1538 2517 leorgerdoe
1571 2454 1787 2517 aperuit
1812 2471 1919 2501 sese
1942 2453 2277 2517 peregrinari
2305 2454 2448 2501 velle.

286 2554 458 2605 Velim
490 2559 565 2611 te,
610 2551 801 2615 inquit,
844 2545 1236 2607 reifamiliaris
1263 2560 1327 2589 ac
1353 2543 1634 2590 liberorum
1661 2559 1840 2590 curam
1863 2558 2057 2605 gerere.
2148 2542 2450 2605 Thorgerda

267 2498 276 2521 l

277 2658 476 2707 parum
496 2640 592 2687 hoc
608 2639 706 2685 sibi
719 2639 935 2701 placere
957 2634 1256 2698 affirmavit.
1307 2633 1406 2679 Οἷα
1416 2649 1506 2679 vus
1529 2642 1872 2694 autempenes
1886 2648 1938 2677 se
1952 2631 2108 2694 liujus
2122 2632 2450 2693 reipotesla-

286 2739 384 2776 tem
383 2722 636 2790 futuram
649 2727 799 2774 dixit.
842 2724 1001 2783 Navi,
1030 2739 1140 2786 qvoe
1161 2723 1215 2776 in
1239 2721 1551 2768 occidentali
1564 2721 1770 2783 regione
1799 2719 1856 2767 V
1851 2719 1991 2765 adill
2018 2720 2161 2764 dicta
2186 2727 2305 2764 erat
2324 2717 2449 2762 sub-

283 2821 460 2876 ducta,
473 2826 686 2875 coemta‚
705 2817 904 2863 Olavus
925 2830 986 2859 ea
1004 2820 1189 2858 oestate
1194 2810 1586 2873 peregrinatus,
1610 2824 1795 2854 navem
1809 2808 2028 2869 appulit
2039 2803 2448 2851 Ilordalandioe.

285 2907 653 2968 Haudprocul
673 2903 739 2952 ab
767 2921 825 2951 eo
838 2904 948 2950 loco
962 2899 1230 2948 habitavit
1251 2900 1347 2955 vir,
1368 2898 1646 2944 cui—nomen
1663 2890 2015 2942 Geirmundus
2032 2896 2196 2956 Gnyr.
2256 2896 2450 2940 Potens

290 2995 381 3044 ille
405 3003 522 3040 erat
543 2995 787 3056 viratqve
805 2993 949 3039 dives
966 2990 1286 3052 multumqve
1309 2988 1363 3034 in
1387 2985 1537 3032 bellis
1563 2984 1846 3031 navalibus
1868 2990 2120 3029 versatus.
2194 2983 2453 3028 Petulans

276 3083 470 3144 fuerat
499 3082 596 3138 vir,
616 3084 737 3146 jam
760 3089 935 3128 autem
957 3080 1184 3143 qvietum
1206 3094 1257 3124 se
1280 3075 1461 3131 tenuit,
1498 3081 1710 3135 eratqve
1730 3070 1945 3118 Haconi
1970 3071 2206 3115 Potentis
2227 3071 2447 3116 aulicus.

291 3171 644 3220 Geirmundus
668 3170 846 3219 navim
862 3169 1018 3229 adiit,
1040 3167 1317 3231 statimque
1341 3164 1563 3212 Olavum
1579 3161 1835 3224 cognovit,
1860 3159 2006 3206 illius
2033 3161 2168 3206 enim
2182 3159 2344 3222 fama
2379 3158 2452 3202 ad
2523 3169 2526 3171 ·
