2956 3854
1282 244 1402 314 1'59

253 423 519 487 aggressi,
558 430 666 470 tum
687 436 807 471 vero
821 416 1178 484 Hattbjbmus
1189 433 1309 465 ⁴«sese
1326 411 1605 466 Thorkeblo
1623 418 1972 480 substrahere,
2004 409 2209 486 cumqve
2234 421 2292 468 id
2316 421 2420 468 mi-

248 513 386 561 nime
415 520 742 577 expectaret,
794 510 878 558 illi
908 506 1208 559 emanibus
1241 507 1382 557 elabi
1413 509 1469 555 in
1504 515 1791 571 terramqve
1829 512 2148 558 descendere.
2222 514 2420 562 Postea

254 602 568 650 Thorkettus
590 602 801 664 domum
820 597 992 647 rediit.
1061 598 1454 651 Famulus-tum
1481 613 1668 661 qvoqve
1690 599 1895 645 domum
1916 600 2146 658 redierat
2174 617 2421 658 vaccam*-

249 707 343 754 qve
367 692 654 739 invenerat.
723 691 919 736 Postea
950 687 1033 734 nil
1051 671 1187 733 mali
1220 685 1287 732 ab
1304 685 1628 754 Hallbjbrno
1662 688 1875 737 illatum
1897 697 1988 735 est.
2068 689 2420 751 Thorbjbrnus

249 780 506 843 Skrjupus
541 786 695 841 atqve
730 776 999 824 Melkorka
1035 785 1144 823 tum
1173 784 1329 830 erant
1364 777 1584 837 mortui,
1619 776 1770 845 ambo
1791 756 1856 823 in¹
1877 777 2195 829 Laxardalo
2223 781 2421 827 tumulo

250 866 448 915 conditi
457 884 475 926 ,-
513 861 725 914 illorum
737 874 911 912 autem
910 864 1065 926 filius
1081 864 1334 912 Lambius
1357 866 1411 911 in
1426 874 1663 927 paterna
1688 866 1821 913 villa
1835 865 2141 927 habitabat,
2191 868 2272 915 vir
2300 867 2423 930 opi-
2472 848 2477 849 ⁷

250 956 344 1003 bus
363 972 428 1003 ac
449 956 766 1003 strenuitate
793 955 1016 1001 multum
1032 956 1259 1017 pollens.
1328 953 1550 1000 Lambio
1574 970 1727 1017 qvam
1755 955 1912 1015 patri
1938 956 2109 1016 major
2131 956 2251 1014 fuit
2286 956 2421 1000 inter

248 1060 447 1093 cooevos
466 1044 786 1093 existimatio
804 1050 1031 1106 propter
1054 1050 1351 1109 maternum
1367 1057 1532 1110 genus
1541 1058 1555 1102 3
1603 1042 1688 1086 illi
1711 1057 1826 1087 cum
1857 1042 2024 1087 Olavo
2051 1043 2425 1104 consangvini-

248 1134 379 1180 tatis
409 1149 559 1180 amor
567 1133 725 1195 felix.
794 1132 917 1178 Jam
938 1131 1191 1193 proxima
1217 1130 1582 1193 proeterlapsa
1614 1130 1777 1176 hiems
1805 1139 1934 1192 post
1970 1131 2203 1182 Kotkelli
2238 1148 2421 1179 necem.

244 1222 495 1270 Proximo
523 1237 640 1269 vere
656 1220 870 1281 fratres
905 1220 1102 1267 Olavus
1137 1228 1294 1283 atqve
1327 1208 1643 1267 ‘Tkorteikus
1677 1234 1967 1267 convenere.
2031 1220 2230 1266 Olavus
2259 1236 2422 1281 roga-

245 1311 324 1360 vit
352 1319 533 1358 utrum
573 1309 880 1358 Thorleikus
914 1309 971 1355 in
998 1292 1103 1356 sua*
1133 1309 1268 1357 villa
1300 1324 1614 1370 permanere
1647 1309 2015 1359 constituisset.
2117 1308 2422 1354 Thorleikus

245 1400 546 1465 respondit:
581 1415 635 1446 se
660 1414 782 1446 vero
807 1414 1125 1445 mansurum.
1168 1399 1364 1447 Olavus
1387 1398 1551 1444 dixit.-
1584 1398 1696 1459 Ego
1722 1413 1840 1449 vero
1862 1405 1924 1453 te,
1949 1398 2197 1460 cognate!
2232 1412 2421 1459 rogare

234 1489 420 1547 volui,
454 1497 514 1534 ut
537 1488 955 1551 genere‘vivendi
981 1495 1290 1551 permutato
1321 1487 1752 1553 peregrinarere5
1797 1494 1853 1533 tu
1878 1503 2004 1534 sane
2030 1486 2211 1548 magni
2236 1486 2422 1532 existi.-

247 1577 455 1629 mabere
478 1593 764 1640 qvocunqve
784 1578 968 1625 venies.
1008 1564 1086 1624 *V
1080 1593 1223 1640 erum
1243 1592 1336 1640 ego
1357 1592 1561 1639 vereor,¹
1576 1584 1644 1622 'ne
1659 1583 1891 1645 patruus
1911 1583 2088 1621 noster
2112 1576 2167 1620 in
2201 1575 2423 1636 negotiis

249 1675 414 1713 tecum
439 1681 491 1712 se
516 1664 716 1727 injuria
741 1663 989 1730 affectum
1018 1672 1217 1722 reatur,
1242 1680 1332 1710 nec
1365 1663 1496 1710 mihi
1517 1656 1752 1726 amplius
1774 1664 1960 1726 placet
1984 1664 2081 1709 hoc
2098 1664 2423 1726 periclitari,

244 1755 334 1819 ¹qvi
354 1751 582 1815 futurus
605 1753 677 1799 sit
709 1769 883 1799 rerum
912 1761 1150 1811 eventus,
1197 1752 1243 1797 si
1270 1760 1446 1799 vestra
1480 1735 1793 1799 habitacula
1826 1750 1958 1799 adeo
1991 1752 2091 1799 sibi
2120 1753 2424 1817 propinqva

247 1845 370 1892 sint.
440 1843 648 1906 Magna
667 1843 849 1889 Hruto
865 1843 1136 1906 potentia,
1164 1841 1297 1903 filiis
1319 1850 1495 1889 autem
1517 1844 1689 1889 multa
1713 1843 1791 1890 vis
1819 1839 1869 1889 δε
1889 1842 2237 1902 vehementia,
2274 1840 2323 1891 δε
2344 1859 2424 1889 me

248 1949 380 1981 sane
393 1931 638 1980 existimo
666 1932 874 1995 magnis
896 1931 1211 1994 implicitum
1233 1930 1633 1994 difficultatibus
1646 1940 1876 1994 propter
1903 1932 2422 1994 consanguinitatem,

245 2023 300 2075 ,si
334 2022 470 2070 inter
491 2037 582 2068 vos
613 2030 863 2083 cognatos
895 2037 1031 2074 meos
1065 2021 1403 2089 contentiosae
1437 2022 1558 2073 lites
1580 2021 1851 2073 oriantur.
1933 2021 2238 2072 Thorleikus
2262 2021 2423 2068 dixit.-

243 2127 358 2163 11011
382 2111 478 2158 hoc
491 2125 582 2173 ego
596 2090 791 2173 qvidem
814 2124 1008 2165 vereor,
1029 2125 1091 2154 ne
1114 2109 1324 2179 Hrutus
1346 2117 1444 2155 aut
1465 2108 1732 2173 illiusfilii
1753 2118 1937 2167 memet
1962 2109 2295 2174 opprimant·
2332 2127 2423 2158 nec

245 2208 541 2270 propterea
552 2197 960 2270 peregrinabor,
994 2213 1172 2246 verum
1198 2198 1243 2243 si
1271 2205 1343 2255 tu,
1373 2199 1623 2279 cognate!
1666 2198 1764 2267 hoc
1788 2199 1968 2261 magni
1992 2199 2138 2245 ducis
2163 2199 2423 2259 interesse,

252 2289 349 2336 tibi
373 2304 501 2353 sane
519 2303 608 2334 ero
629 2287 769 2333 dicto
791 2287 1038 2344 audienS,
1076 2265 1183 2332 tum
1206 2286 1341 2333 enim
1362 2274 1556 2348 optime
1570 2278 1692 2333 mea
1718 2272 2013 2334 conditione
2023 2286 2119 2364 fui
2138 2298 2423 2346 contentus,

251 2376 368 2424 cum
398 2376 551 2439 apud
575 2383 779 2422 exteros
796 2373 1077 2436 versabar,
1114 2383 1164 2421 et
1186 2360 1384 2437 quidem
1409 2375 1516 2422 scio
1557 2384 1605 2422 te
1629 2392 1755 2439 erga
1778 2375 1958 2439 filium
1989 2393 2156 2423 meum
2188 2377 2426 2424 Bollium

250 2476 392 2531 qvem
421 2464 650 2512 omnium
676 2462 982 2511 mortalium
1014 2464 1304 2526 plurimum
1346 2465 1536 2529 diligo,
1602 2465 1751 2512 haud
1770 2467 1942 2513 minus
1978 2466 2255 2529 benignum
2278 2467 2422 2527 fore,

250 2555 301 2602 si
331 2571 424 2618 ego
440 2554 635 2617 procul
658 2553 840 2600 absim.
916 2554 1111 2600 Olavus
1134 2553 1297 2599 dixit:
1359 2555 1710 2618 tunc‘qvidem
1740 2557 2183 2619 tu'hujusrcausae
2208 2555 2302 2601 tibi
2333 2555 2427 2601 bo·-

252 2660 379 2697 nam
400 2651 610 2706 partem
631 2642 939 2702 vindicasti,
986 2643 1032 2688 si
1055 2643 1132 2689 ita
1148 2643 1328 2702 facies
1357 2643 1437 2689 uti
1460 2661 1552 2707 ego
1584 2653 1632 2696 te
1657 2645 1856 2708 rogavi.
1878 2631 1881 2633 ‚
1940 2646 2053 2707 Ego
2079 2646 2274 2708 qvidem
2299 2660 2425 2690 con-.-

255 2732 407 2781 stitui
432 2732 590 2779 talem
606 2732 838 2796 posthac
850 2732 1031 2781 Bollio
1055 2731 1291 2779 exhibere
1315 2731 1564 2789 animum,
1600 2735 1799 2796 qualem
1823 2734 1907 2780 illi
1928 2734 2180 2781 hactenus
2201 2731 2424 2794 exhibui,

257 2837 348 2870 nec
380 2822 531 2869 illum
559 2822 687 2868 meis
703 2820 842 2883 filiis
870 2821 1170 2882 inferiorem
1205 2820 1426 2869 haberes
1480 2822 1676 2869 Postea
1690 2822 1898 2882 fratres
1922 2823 2088 2868 multo
2110 2838 2223 2867 cum
2252 2837 2429 2868 amore

258 2909 603 2958 discedebant.
638 2910 844 2957 Deinde
866 2910 1171 2957 Thorleikus
1182 2910 1389 2971 fundos
1414 2926 1534 2956 suos
1557 2902 1794 2957 vendidit
1812 2888 2095 2974 pecuniam
2113 2912 2429 2973 peregrina·-

259 2999 392 3047 tioni
407 2999 722 3061 impendens.
742 2999 884 3046 Navi
895 3000 1094 3058 deinde,
1114 2999 1705 3062 qvoeinDogurdarneso
1719 3008 1836 3045 erat
1851 2999 2121 3055 subducta,
2145 3015 2431 3074 compara-

259 3097 336 3146 ta,
355 3103 558 3150 cumque
571 3089 683 3150 ipse
696 3091 769 3135 ad
782 3089 882 3135 iter
895 3090 1102 3136 omnino
1112 3097 1246 3136 esset
1252 3097 1619 3151 praeparatus,
1640 3088 1819 3135 navim
1835 3104 1948 3134 cum
1972 3105 2130 3136 uxore
2147 3098 2298 3153 atqve
2317 3106 2430 3135 om—

264 3193 322 3228 m
313 3177 614 3239 famulitio
637 3178 980 3235 conscendit,
1007 3179 1200 3239 fausto
1223 3194 1348 3225 usus
1371 3178 1571 3236 itinere,
1606 3185 1859 3226 autumno
1884 3180 1957 3226 ad
1982 3179 2299 3243 Norvegiam
2323 3193 2430 3239 ap·-
