2956 3854
1391 207 1431 268 9
1482 269 1492 275 .

316 376 486 428 Scotis
501 390 704 441 parum
726 373 900 441 fidum
904 375 1119 438 foedus,
1144 389 1269 422 nam
1289 374 1410 420 dolo
1432 374 1576 421 malo
1597 389 1712 421 eum
1734 375 2060 440 deceperunt.
2105 374 2189 423 De
2204 376 2503 426 leorsteini

312 462 479 517 morte
490 468 549 516 id
556 475 811 514 memorat
822 464 991 515 Arius
1004 464 1214 527 Spalcus
1229 460 1566 529 (multiscius)
1590 462 1855 527 Thorgilis
1852 465 2023 526 filius,
2045 467 2499 531 qvodKatanesiae

314 558 625 621 interfectus
645 557 731 604 sit.
786 557 1008 604 Unnura
1018 555 1352 619 Djupaudga
1364 553 1672 617 (praedives)
1687 561 1796 600 tum
1817 557 2269 619 eratKatanesiae,
2289 559 2498 622 qvando

312 648 462 696 illius
463 647 621 711 filius
640 645 981 709 Tborsteinus
993 645 1192 698 occisus
1202 651 1296 706 est,
1334 658 1447 708 qvae
1469 660 1584 691 cum
1604 644 1651 691 T
1646 643 1969 692 horsteinum
1981 655 2243 694 mortuum
2267 648 2496 708 audiret,

312 739 566 802 sciretqve
575 744 792 800 patrem
816 737 952 784 diem
975 735 1176 797 obiisse,
1213 751 1307 799 spe
1321 733 1612 796 reficiendae
1631 723 1802 781 cladis
1827 736 2060 795 ademta,
2094 753 2279 798 navem
2302 739 2356 784 in
2377 739 2495 801 syl-

309 825 380 877 vc'i
404 827 603 874 occulte
621 826 902 888 fabricari
910 827 1083 892 jussit
1092 861 1110 886 ,
1161 842 1274 891 qvae
1293 842 1408 872 cum
1420 825 1667 888 perfecta
1697 833 1865 883 esset,
1911 827 2141 890 paravit
2170 829 2387 874 eandem
2419 829 2494 874 ad

310 917 427 978 iter,
446 932 763 982 magnosqve
782 918 1060 964 thesauros
1078 916 1302 980 collegit.
1337 916 1449 962 Illa
1470 915 1779 978 'superstites
1799 916 2312 980 omnespropinqvos
2325 933 2494 963 secum
2531 975 2535 979 μ

307 1007 500 1056 avexit.
531 1006 822 1057 ,Raris-simi
836 1007 1062 1069 exempli
1068 1006 1324 1066 foemina,
1350 1021 1463 1070 qpoe
1469 1005 1705 1069 propria
1732 1005 1900 1051 solum
1911 1004 2065 1066 freta
2090 1005 2142 1053 vi
2165 1022 2191 1052 e
2213 1013 2358 1051 terra
2383 1014 2493 1051 tam

307 1085 506 1162 infesta
525 1111 640 1142 cum
661 1096 830 1143 tantis
849 1097 1005 1161 gazis
1032 1104 1204 1161 totqve
1225 1075 1500 1142 comitibus
1520 1094 1778 1158 aufugere
1791 1103 1999 1158 posset,
2034 1112 2378 1159 magnumqve
2395 1096 2493 1142 lzoc

306 1185 671 1233 documentum
711 1195 816 1234 est:
878 1195 1132 1251 qvantum
1181 1187 1281 1233 illa
1326 1203 1505 1234 sexum
1545 1185 1930 1232 antecelluerit.
2046 1187 2268 1233 Unnura
2330 1186 2491 1234 etiam

305 1290 477 1323 secum
514 1277 668 1323 duxit
700 1264 847 1324 viros
877 1277 1169 1324 honoratos
1197 1285 1354 1341 atqve
1384 1277 1575 1340 stirpis
1621 1276 1833 1324 nobilis.
1916 1276 2110 1323 Kollus
2150 1284 2269 1322 erat
2303 1293 2488 1323 nomen

303 1364 448 1427 viro,
500 1367 589 1431 qvi
624 1367 845 1415 maximi
867 1367 994 1429 fere
1026 1367 1323 1414 habebatur
1368 1368 1508 1415 inter
1559 1369 1794 1414 Unnurae
1840 1367 2066 1412 comites.
2152 1368 2221 1412 Id
2257 1367 2488 1428 potissi-
2533 1410 2537 1415 .

304 1470 446 1503 mum
466 1472 524 1503 eo
536 1457 754 1518 factum
779 1467 884 1516 est,
931 1459 1068 1522 qvod
1091 1457 1184 1503 ille
1209 1457 1455 1505 Hersiris
1478 1454 1723 1521 (comitis)
1750 1456 2066 1519 dignitatem
2098 1464 2216 1502 erat
2249 1457 2492 1518 adeptus.

303 1544 467 1606 Alius
497 1562 690 1611 qvoqve
711 1548 794 1596 vir
815 1549 1023 1596 nomine
1043 1546 1265 1593 H'o'rdus
1288 1562 1477 1611 genere
1518 1546 1712 1593 nobilis
1747 1554 1902 1608 atqve
1927 1553 2203 1608 praestccns
2224 1560 2338 1590 cum
2377 1547 2490 1592 Un-

304 1630 444 1684 nura
476 1632 754 1699 profectus
784 1624 882 1684 est.
964 1635 1191 1685 Paratis
1221 1636 1296 1681 ad
1320 1635 1420 1682 iter
1453 1634 1764 1682 necessariis
1798 1636 2023 1681 Unnura
2056 1650 2235 1682 versus
2261 1635 2490 1682 Orcades

303 1739 512 1774 cursum
546 1727 767 1787 direxit,
822 1726 989 1792 ibiqve
1020 1725 1163 1774 brevi
1196 1726 1746 1784 commorata'Groam
1771 1723 1945 1786 filiam
1979 1724 2277 1771 leorsteini
2304 1726 2489 1772 Raudi

298 1823 528 1879 nuptum
559 1817 736 1880 declit7·
785 1818 886 1864 illa
924 1825 1043 1864 erat
1072 1815 1245 1864 mater
1281 1816 1554 1862 Greiladae
1586 1832 1740 1879 qvam
1777 1814 2091 1876 Thorfinnus
2134 1831 2299 1861 comes
2333 1814 2489 1877 filius

307 1906 641 1969 Torfeinaris
670 1908 875 1955 comitis
899 1917 1055 1973 atqve
1068 1907 1376 1971 Rognvaldi
1393 1906 1694 1954 Moerarum
1720 1905 1924 1952 comitis
1936 1904 2046 1967 filii
2074 1905 2127 1952 in
2148 1906 2489 1952 matrimonio

256 2034 258 2037 .
301 1994 548 2045 habebat.
619 1999 848 2046 Illorum
878 1999 1290 2046 eratLoclverus
1299 1996 1457 2058 filius
1476 1997 1692 2060 Sigurdi
1729 1995 1933 2042 comitis
1948 2004 2142 2059 pater,
2180 1998 2326 2059 cujus
2331 1996 2487 2058 filius

303 2093 425 2133 erat
456 2086 772 2148 Thorfinnus
805 2104 996 2147 comes,
1035 2087 1252 2149 incleqve
1289 2086 1535 2132 comitum
1568 2077 1934 2132 orcadensium
1972 2102 2139 2148 genus
2183 2095 2352 2132 ortum
2393 2095 2483 2132 est.

309 2175 439 2223 Tum
464 2191 645 2223 versus
671 2176 876 2223 insulas
887 2178 1141 2237 Foereyas
1165 2177 1387 2230 Unnura
1410 2191 1619 2221 cursum
1628 2174 1803 2237 flexit,
1825 2174 1991 2237 ibique
2014 2176 2350 2238 aliqvantum
2370 2192 2486 2221 mo-

298 2262 531 2312 rabatur
554 2273 709 2328 atqve
730 2263 1092 2326 aliamfiliam
1124 2263 1424 2310 Thorsteini
1453 2265 1680 2313 Olavam
1704 2265 1909 2311 nomine
1936 2265 2176 2311 elocavit.
2258 2266 2485 2327 Indeque

299 2355 402 2404 illa
427 2353 611 2417 stirps,
636 2353 1217 2422 qvaeproestantissima
1247 2354 1300 2401 in
1326 2353 1426 2401 illa
1449 2353 1674 2403 habetur
1701 2363 1862 2413 terra,
1884 2371 2132 2419 qvamqve
2148 2354 2486 2418 Gotuskeggii

300 2442 604 2505 nominant,
642 2444 870 2492 oriunda
897 2452 988 2492 est.

1232 2573 1410 2643 CAP.
1461 2585 1541 2644 V.

538 2687 721 2778 ‘Jam
761 2715 984 2763 Unnura
1013 2732 1076 2763 ex
1110 2716 1349 2779 Faereyis
1386 2716 1771 2779 profectionem
1804 2724 2005 2782 parat,
2073 2717 2350 2780 nautisqve
2386 2733 2486 2763 no-

301 2814 413 2853 tum
433 2803 613 2866 facit,
670 2804 770 2852 sibi
803 2822 910 2853 esse
945 2806 1001 2853 in
1031 2806 1211 2854 animo
1250 2807 1325 2852 acl
1356 2806 1661 2854 Islandiam
1704 2809 1928 2855 tendere.
2039 2808 2262 2853 Olavum
2291 2808 2486 2854 Feilan

288 2874 468 2958 filium
487 2895 984 2944 ssorst'einiRaudi
997 2895 1241 2961 illiusqve
1254 2912 1473 2958 sorores,
1510 2913 1623 2962 qvae
1641 2898 2011 2961 adbucnuptoe
2039 2912 2141 2944 non
2165 2905 2350 2956 essent,
2383 2897 2484 2944 illa

304 2980 474 3032 secu'm
498 2985 691 3035 avexit.
761 2987 957 3034 Postea
982 2986 1037 3035 in
1063 2988 1235 3035 altum
1259 2986 1528 3045 tendebat,
1562 3003 1919 3051 prosperoqve
1943 3003 2039 3034 usa
2065 2987 2250 3034 itinere
2281 2989 2356 3033 acl
2378 3004 2484 3034 au-

300 3074 522 3122 stralem
561 3083 717 3122 terrae
750 3072 1055 3143 (Islandiae)
1083 3087 1301 3149 partem*
1331 3078 1386 3126 in
1420 3078 1891 3128 Vikurarskeidum
1917 3093 2103 3127 navem
2130 3079 2373 3141 adpulit,
2410 3078 2481 3125 ibi

300 3180 423 3216 vero
446 3163 576 3215 navi
601 3166 906 3232 confracta,
940 3169 1250 3218 mortalium
1277 3177 1433 3235 atqve
1458 3185 1615 3235 opum
1638 3168 1880 3236 qvicqvicl
1901 3176 2046 3231 erat,
2083 3177 2351 3217 servatum
2378 3176 2453 3216 est
2461 3185 2480 3231 ,-

2169 3260 2211 3307 Β
