2956 3854
1229 256 1357 314 273

223 422 493 486 ex-Helgii
510 423 833 487 praescripto
857 439 1019 488 agere.
1043 423 1277 473 instituit
1302 419 1353 471 ὃς
1367 438 1471 485 pez·
1499 423 1732 488 aliquam
1765 431 2390 489 tempestatemegressus

218 540 496 586 rursusqve
515 532 775 571 revertens
790 522 857 569 ab
867 524 1066 586 Helgio
1093 523 1541 587 interrogabatur,
1562 525 1700 589 'qvid
1711 526 1830 574 novi
1848 526 2210 590 conspexisset.
2249 525 2392 570 Puer

218 626 521 687 respondit:
561 624 619 670 id
649 624 846 687 qvidem
875 625 1146 688 conspexi,
1193 625 1328 688 qvod
1362 625 1418 671 in
1444 625 1595 673 nothis
1627 625 1923 673 habendum
1954 625 2106 673 rebus
2141 622 2400 670 arbitror.-

214 714 443 788 Helgius
470 724 703 787 rogavit,
741 723 863 788 qvid
881 724 1020 771 illud
1043 734 1178 773 esset
1199 725 1289 773 rei.
1358 726 1463 772 Ille
1481 742 1534 772 se
1557 726 1699 774 viros
1724 726 1873 773 haud
1891 727 2171 793 admodum
2187 734 2392 785 paucos

215 825 544 887 conspexisse
568 823 884 885 affirmavit,
930 822 980 872 8<
1006 825 1154 886 illos,
1201 825 1391 889 inqvit‚
1429 843 1491 872 ex
1512 827 1624 874 alio
1658 800 1805 891 pago
1835 827 2106 876 advenisse
2139 821 2389 882 arbitror.

213 911 442 988 Helgius
457 902 719 989 qvaesivit:
740 924 828 971 ubi
842 901 927 971 illi
941 899 1177 987 adfuere,
1192 927 1399 990 qvando
1412 910 1534 974 illos
1546 926 1892 990 conspexisti?
1912 927 2033 991 qvid
2037 915 2092 974 oe
2102 914 2392 987 gesserunt,

215 1033 315 1083 aut
333 1025 585 1087 numqvid
621 1041 797 1072 eorum
817 1026 1062 1072 vestitum
1098 1020 1163 1072 ac
1191 1028 1394 1098 vultum
1424 1025 1891 1075 animadvertisti?
1923 1028 2067 1073 Puer
2090 1022 2391 1087 respondit:

215 1123 366 1175 haud
383 1141 474 1186 ego
500 1124 604 1171 ista
629 1142 684 1173 re
707 1133 916 1172 tantum
934 1125 1218 1176 exterritus
1243 1141 1385 1180 sum,
1406 1133 1483 1171 ,ut
1505 1125 1647 1171 tanti
1669 1125 1917 1172 momenti
1938 1142 2021 1172 res
2041 1125 2191 1172 haud
2209 1130 2391 1168 atten-

212 1225 415 1298 derem3
452 1231 771 1286 compertum
784 1223 920 1270 enim
934 1224 1115 1282 habui,
1153 1233 1202 1272 te
1225 1227 1289 1272 de
1303 1225 1389 1272 liis
1401 1225 2002 1289 interrogaturumfore.
2074 1223 2245 1271 Simul
2255 1221 2392 1268 dixit

208 1339 377 1388 paen„
397 1340 483 1372 eos
505 1341 539 1371 a
565 1325 775 1387 tugurio
802 1324 952 1372 haud
970 1325 1148 1373 abesse
1164 1327 1381 1388 procul,
1418 1334 1571 1388 atqve
1599 1325 1672 1371 ibi
1706 1342 1792 1371 eos
1806 1326 2091 1388 prandere.
2140 1323 2390 1385 'Helgius

215 1423 467 1487 rogabat:
502 1433 679 1471 utrum
692 1425 747 1471 in
761 1423 958 1470 circulo
974 1441 1048 1471 an
1063 1426 1119 1473 in
1142 1427 1324 1474 ordine
1344 1427 1710 1474 consedissent.
1746 1406 1890 1473 Puer
1911 1424 2033 1470 illos
2052 1425 2106 1471 in
2120 1421 2391 1488 ephippiis

215 1523 272 1570 in
293 1523 412 1570 orb'e
426 1525 714 1571 consedisse
728 1512 1034 1588 affirmavit.
1067 1528 1295 1591 Helgius
1315 1527 1480 1574 dixit:
1506 1527 1623 1588 jam
1642 1526 1774 1573 milii
1795 1542 1970 1573 eorum
1982 1517 2392 1574 vultum‘memo-

215 1638 329 1683 ra‘,'·
341 1603 466 1688 jani
490 1625 627 1670 enim
651 1625 751 1671 lzoc
773 1627 1004 1689 experiri
1026 1627 1190 1685 lubet,
1239 1637 1417 1675 utrum
1442 1627 1621 1690 aliqva
1647 1643 1760 1673 cum
1785 1625 2242 1676 verisimilitudine
2262 1638 2390 1668 oon-

216 1707 426 1791 cludere
444 1722 678 1786 possim,
723 1723 965 1788 qvid‘lioo
989 1726 1259 1787 hominum
1285 1710 1369 1773 sit.
1419 1719 1588 1774 ‘Puer
1618 1728 1922 1790 respondit:
1970 1727 2051 1775 vir
2071 1724 2143 1771 ibi
2161 1722 2392 1779 consedit

213 1796 286 1915 in!
305 1818 563 1904 ephippio
587 1813 842 1886 colorato,
880 1827 1189 1892 lividumqve
1217 1828 1435 1875 indutus
1455 1810 1777 1899 amiculum.
1814 1843 2023 1891 magnae
2054 1827 2145 1873 ille
2167 1833 2393 1871 staturae

171 1997 173 2000 ι
210 1924 483 1999 villsstqss&
503 1936 775 1999 aspectus,
811 1929 1052 1993 caesariei
1081 1930 1322 1993 margine
1357 1944 1527 1992 supra
1549 1937 1788 1990 tempora
1815 1929 2031 1975 sinuosa
2061 1927 2391 1988 dentibusque

213 2008 386 2089 nudis.¹
455 2027 687 2090 ,Helgius
706 2028 871 2075 dixit:
906 2030 1045 2076 hunc
1076 2046 1168 2092 ego
1201 2029 1449 2091 apprime
1475 2029 1595 2076 novi
1623 2029 1818 2086 virum,
1855 2030 2134 2075 secundum
2165 2024 2390 2074 relatio-

159 2110 164 2112 *
213 2143 330 2175 nem
367 2135 513 2173 tuam
525 2142 539 2186 3
593 2126 665 2172 ibi
695 2123 1053 2191 Thorgilsum,
1104 2128 1295 2174 Hallae
1311 2126 1520 2189 fllium,
1565 2130 1634 2175 ab
1658 2130 1973 2177 occidentali
1978 2138 2142 2193 parte
2165 2125 2390 2172 eber-

213 2227 417 2277 dedalo
441 2227 774 2288 conspexisti.
850 2228 984 2285 Qvid
1005 2236 1180 2274 autem
1215 2227 1301 2273 illi
1310 2227 1530 2276 athletae
1551 2230 1818 2277 nobiscum
1840 2246 1948 2276 esse
1963 2226 2160 2290 negotii
2173 2219 2391 2288 potest?

210 2315 356 2376 Puer
380 2327 541 2373 dixit:
569 2326 849 2390 proximus
874 2327 960 2372 illi
974 2326 1246 2373 assi-'debat
1258 2327 1342 2374 vir
1363 2327 1418 2374 in
1431 2329 1690 2393 ephippio
1709 2338 1920 2385 aurato,
1958 2328 2194 2375 coccinea
2208 2326 2389 2373 tunica

211 2407 375 2475 rubra
403 2427 636 2499 indutus,
681 2427 1030 2491 annulumqve
1067 2436 1287 2473 aureum
1311 2428 1368 2493 in
1389 2412 1552 2475 manu
1569 2437 1812 2492 gestans,
1843 2410 2034 2492 'capite
2068 2444 2230 2475 aureo
2265 2427 2390 2473 dia-

209 2511 416 2576 demate
436 2526 816 2589 circumligato.
888 2525 1046 2574 Flavi
1061 2526 1146 2572 illi
1162 2527 1276 2575 viro
1299 2517 1505 2591 capilli,
1527 2530 1820 2576 cincinnati
1826 2529 2169 2592 perhumeros
2192 2528 2390 2589 deflue-

212 2605 368 2691 Za-nt3
415 2628 592 2689 faciei
626 2630 770 2676 color
808 2628 1016 2692 lucidus
1055 2645 1120 2675 ac
1157 2645 1291 2675 naso
1319 2627 1643 2677 tuberculum
1681 2639 1730 2678 et
1750 2631 1933 2678 antica
1964 2631 2086 2678 nasi
2111 2644 2250 2692 pars
2282 2629 2391 2699 cle-7

211 2737 410 2778 menter
428 2746 724 2794 assurgens.
804 2729 957 2776 Oculi
976 2737 1132 2776 erant
1147 2714 1395 2792 pulchri,
1448 2721 1640 2778 c'erulei
1678 2729 1730 2780 &.
1768 2733 1961 2796 vegeti5
1999 2730 2164 2791 frons
2198 2732 2317 2775 lata
2339 2725 2389 2774 8<

211 2821 371 2895 genoe'
398 2832 605 2893 plenoe5
666 2831 858 2894 capilli
887 2832 962 2876 ad
994 2831 1285 2894 supercilia
1328 2831 1563 2891 rescissi,
1621 2834 1824 2880 humeri
1866 2832 1988 2879 hene
2013 2830 2276 2891 formati,
2333 2837 2394 2876 at

216 2947 407 2994 corpus
448 2933 523 2979 ad
561 2931 845 2980 subalavia
892 2947 1128 2979 crassum
1136 2949 1155 2993 5
1207 2948 1396 2979 manus
1430 2933 1666 2995 pulchra
1698 2932 2065 2996 brachiumqve
2108 2929 2391 2988 robustum,

218 3033 384 3080 omnis
407 3041 588 3095 gestus
622 3042 871 3081 venustus
906 3031 959 3080 δε
1004 3036 1112 3081 tale
1143 3034 1344 3098 qvidem
1364 3050 1454 3095 ego
1488 3033 1627 3078 de'eo
1637 3034 1764 3093 fero
1776 3033 2061 3092 judicium,
2107 3033 2243 3095 qvod
2264 3030 2392 3076 nul-

217 3135 269 3181 lo
297 3143 533 3196 respectu
552 3135 959 3196 praestantioris
997 3145 1242 3199 aspectus
1267 3135 1379 3183 vidi
1412 3132 1683 3180 hominem.
1764 3133 2025 3182 Juvenilis
2067 3142 2239 3180 tamen
2275 3140 2394 3178 erat

215 3236 328 3283 viro
355 3235 594 3296 habitus,
631 3252 755 3283 nam
778 3236 1017 3284 imberbis
1038 3246 1182 3298 erat,
1218 3237 1447 3301 visusqve
1475 3233 1808 3301 aliqvanturh
1830 3251 1952 3299 prce
1976 3249 2206 3280 moerore
2229 3234 2392 3280 tumi-

2003 3323 2057 3369 M
2077 3340 2124 3370 m
