2956 3854
1343 227 1473 285 63.

1235 299 1287 312 —

292 402 684 468 alloqvebatur:
737 400 910 448 Haud
938 384 1282 446 dissimulabo
1313 413 1392 442 me
1423 395 1559 440 satis
1596 405 1914 457 compertum
1944 397 2159 464 liabere,'
2217 408 2265 446 te
2295 400 2465 450 virum

287 510 391 559 esse
404 490 937 557 praestantissimum,
974 495 1031 533 tu
1061 486 1196 538 enim
1215 483 1678 533 excellentissimos
1714 484 1870 546 huy‘us
1906 495 2062 533 terroe
2094 488 2236 535 viros
2266 491 2464 540 virtute

200 625 202 627 ,
284 583 550 645 adaeqvas,
577 570 882 649 prudentiae
907 584 1084 623 autem
1107 576 1266 621 laude
1281 574 1402 620 illos
1426 573 1648 618 multum
1668 588 1904 634 superas.
1985 577 2114 623 Tum
2138 578 2222 625 illi
2245 596 2463 628 aureum

235 682 238 685 ’
283 672 428 730 dedit
459 651 733 717 annulum
749 675 903 729 atqve
930 667 1108 713 valere
1124 662 1373 726 jubebat,
1423 661 1608 708 deinde
1636 661 1866 710 amiculo
1898 673 2063 726 caput
2093 665 2284 729 obtegit
2306 676 2462 732 atqve

284 761 339 806 in
361 744 535 806 urbem
558 757 722 803 citato
733 743 912 818 gradu
937 755 1111 801 rediit.
1181 754 1393 800 Hrutus
1419 767 1508 800 ver
1513 767 1541 797 o
1565 752 1745 798 navim
1773 748 2167 814 conscendebat,
2215 758 2332 803 vela
2365 759 2461 806 de-

251 827 363 902 ,dit
398 844 596 905 ventis,
649 854 804 909 atqve
834 852 988 893 vento
1025 860 1152 890 usus
1187 843 1411 890 secundo
1441 841 1516 887 ad
1544 841 1981 906 Breidasjiirdum
2009 846 2280 906 pervenit,
2351 855 2460 894 tum

282 945 435 985 cursu
449 937 735 982 introrsum
745 934 891 996 flexo
904 933 977 980 ad
990 934 1195 980 insulas
1209 930 1710 993 (Breidjjb'rdenses)
1724 932 2002 994 navigavit
2015 930 2064 980 ὃς
2084 934 2310 980 intravit
2321 936 2458 982 Fre-

282 1035 410 1083 tum,
423 1027 558 1090 qvod
567 1027 735 1072 latum
747 1021 1349 1079 vocatur(Br'eidasund)
1364 1027 1518 1082 atqve
1529 1019 1853 1067 Kambsneso
1867 1023 2086 1084 appulit
2100 1020 2195 1084 &p
2203 1024 2459 1071 onticulos

281 1115 337 1162 in
351 1123 547 1179 terram
559 1113 706 1177 ejecit
715 1129 735 1173 5
750 1113 872 1174 J'am
887 1112 1107 1159 nuntius
1117 1112 1182 1158 de
1198 1110 1354 1158 navis
1365 1109 1596 1156 adventu
1609 1109 2058 1173 qvodqveHrutus
2069 1112 2296 1176 Herjolsi
2299 1112 2457 1174 filius

280 1204 389 1271 ejus
408 1211 540 1250 esset
556 1201 883 1264 gubernator
909 1202 1218 1264 divulgatus
1245 1207 1350 1259 est5
1386 1198 1483 1244 hoc
1508 1198 1693 1245 nuntio
1711 1200 2018 1252 Ho'skuldus
2024 1218 2224 1264 parum
2240 1203 2456 1250 laetatus

277 1300 355 1338 est
377 1308 468 1337 nec
491 1291 581 1336 ille
593 1278 832 1352 fratrem
856 1291 1110 1339 convenit.
1183 1290 1395 1338 Hrutus
1419 1287 1547 1335 navi
1572 1287 1828 1335 subducta
1854 1299 2009 1354 atqve
2033 1293 2338 1355 composita,
2359 1309 2452 1338 ex—

278 1380 473 1427 struxit
494 1381 695 1439 villam‚
726 1398 838 1444 qvoe
857 1379 1238 1428 Kambsnesum
1259 1385 1449 1426 vocata
1472 1385 1563 1423 est.
1646 1379 1773 1424 Tum
1787 1381 2001 1425 Hrutus
2024 1383 2099 1426 ad
2121 1382 2453 1428 H'cjskuldum
2529 1400 2531 1403 ⁴

276 1450 400 1533 eqvo
421 1478 610 1529 vectus,
645 1478 941 1517 maternam
959 1469 1323 1516 hoereditatem
1346 1465 1670 1529 exposcebat.
1733 1468 2037 1514 Ho'skuldus
2056 1469 2155 1515 sibi
2166 1471 2451 1532 pecuniam

274 1559 579 1607 solvendam
612 1576 719 1606 esse
747 1559 987 1622 negavit,
1035 1573 1128 1604 nec
1157 1565 1378 1602 matrem
1411 1556 1618 1616 inopem
1653 1554 1719 1600 ab
1758 1554 2008 1602 Islanclia
2048 1558 2302 1619 migrasse
2335 1576 2450 1607 cum

272 1647 574 1711 Herjb‘lfum
595 1648 931 1695 convenisset.
1009 1645 1146 1692 Haec
1162 1644 1344 1689 Hruto
1365 1658 1565 1704 parum
1580 1644 1834 1704 placuere
1858 1645 2030 1701 dicta,
2082 1646 2239 1692 irrita
2275 1647 2450 1710 itaqve

226 1784 233 1790 ,
275 1753 331 1785 re
350 1737 498 1783 abiit.
575 1739 760 1783 Omnes
791 1735 960 1782 Hruti
984 1733 1278 1796 propinqvi
1298 1719 1503 1794 proeter
1525 1731 1856 1778 Hb'skuldum
1879 1750 2125 1795 generose
2147 1753 2271 1798 erga
2297 1737 2449 1784 illum

274 1834 503 1890 egerunt.
571 1825 784 1872 Hrutus
817 1834 920 1871 tres
950 1824 1158 1886 hyemes
1191 1825 1405 1879 (annos)
1440 1820 1754 1867 Kambsnesi
1778 1822 2081 1883 habitabat,
2127 1822 2177 1871 &
2202 1827 2448 1887 plerum-

275 1932 387 1979 qve
410 1917 465 1966 in
503 1915 728 1962 comitiis
771 1915 996 1978 aliisqve
1044 1911 1379 1959 conventibus
1417 1909 1675 1972 legalibus
1715 1913 2001 1971 pecuniam
2055 1914 2122 1960 ab
2170 1915 2445 1962 Ho‘skuldo

267 1993 521 2067 poscebat
540 2013 694 2067 atqve
725 2004 918 2049 diserte
946 2018 1096 2048 suam
1121 2001 1226 2062 egit
1247 2015 1506 2044 caussam.
1585 1998 1950 2059 Compluribus
1972 2001 2049 2044 ita
2082 2002 2275 2061 visum,
2311 2007 2447 2066 qvod

271 2093 694 2156 Hrutusjustam
706 2099 901 2153 ageret
901 2105 1168 2142 caussam5
1195 2089 1305 2133 Hbs
1298 2088 1500 2131 kuldus
1518 2095 1693 2132 autem
1715 2088 2059 2136 contendebat
2087 2091 2134 2135 T
2129 2090 2445 2153 horgerdam

266 2190 470 2246 proeter
497 2198 645 2227 suum
666 2180 941 2226 consilium
960 2177 1206 2239 Herjolso
1233 2184 1471 2236 nuptam.
1542 2175 1754 2219 Hrutus
1780 2184 1966 2220 contra
1988 2186 2209 2225 matrem
2233 2189 2340 2227 tum
2362 2184 2444 2229 sui

260 2272 406 2336 juris
422 2271 599 2331 fuisse
621 2269 851 2315 asseruit
861 2285 876 2331 5
923 2269 1002 2312 ita
1028 2267 1307 2311 discessum
1327 2263 1438 2308 est.‘
1488 2261 1684 2307 Eodem
1709 2271 1963 2310 autumno
1984 2266 2291 2315 H‘o'skuldus
2314 2287 2442 2318 con-

269 2358 466 2425 fidum
484 2358 654 2421 apud
647 2357 912 2404 Thordum
928 2354 1189 2402 Goddium
1211 2351 1376 2410 adiit3
1412 2350 1568 2413 liujus
1590 2367 1605 2395 1
1608 2351 1836 2411 'eifama
1859 2354 1934 2398 ad
1951 2354 2041 2399 Ην
2044 2356 2124 2401 uti
2144 2374 2442 2423 auresper-

270 2449 405 2505 lata,
427 2456 629 2511 tumqve
653 2447 742 2493 ille
757 2462 872 2492 cum
892 2445 1011 2492 XII
1035 2443 1166 2491 viris
1178 2441 1607 2488 Hbskuldstados
1623 2438 1899 2502 profectus
1925 2452 2002 2490 est
2034 2441 2083 2491 8<
2107 2448 2320 2496 totidem
2350 2469 2439 2499 re-

273 2537 415 2583 lictis
457 2524 573 2584 XX
608 2536 758 2583 boves
799 2534 997 2597 abegit,
1059 2531 1219 2578 simul
1254 2530 1529 2577 Hoskuldo
1563 2530 1710 2576 misit
1748 2533 1991 2579 nuntium
2043 2536 2130 2597 qvi
2169 2540 2440 2588 certiorem

271 2626 424 2672 illum
441 2626 669 2686 faceret,
699 2624 788 2671 ubi
819 2632 1114 2670 armentum
1143 2622 1476 2686 qvaerenclum
1506 2628 1650 2666 esset.
1745 2622 2230 2683 Hb‘skuldifamuli
2275 2632 2440 2677 armis

270 2699 453 2762 statim
475 2713 735 2778 arreptis,
775 2714 1049 2776 proximos
1077 2711 1288 2756 accolas
1312 2709 1497 2756 nuntio
1521 2711 1596 2755 ad
1616 2726 1668 2755 se
1688 2726 2048 2772 convocavere,
2086 2715 2163 2760 ita
2188 2719 2306 2764 XV
2310 2736 2437 2765 con-—

269 2819 463 2852 venere,
537 2805 758 2867 Qvisqve
788 2820 941 2867 qvam
965 2801 1147 2864 potuit
1174 2800 1398 2847 maxime
1429 2798 1543 2862 eqvi
1560 2799 1791 2860 gradum
1811 2801 2154 2849 accelerabat.
2224 2806 2438 2856 Hrutus

268 2900 421 2955 atqve
446 2894 594 2940 illius
616 2894 744 2940 socii
768 2910 872 2939 non
878 2893 1035 2956 prius
1063 2897 1443 2953 conspexerunt
1456 2898 1844 2950 perseqventes‚
1868 2906 2023 2952 qvam
2048 2890 2136 2936 ubi
2158 2894 2233 2938 ad
2250 2895 2437 2944 villam

267 2980 643 3028 Kambsnesum
675 2982 824 3029 haud
861 2982 1083 3028 multum
1114 2981 1368 3043 reliqvum
1396 2984 1513 3024 erat
1542 2976 1656 3024 νέω.
1744 2978 1871 3024 Tum
1896 2979 2107 3025 Hrutus
2132 2997 2244 3028 cum
2281 2988 2435 3033 δοθίἰδ

226 3107 229 3109 .
267 3069 450 3114 statim
484 3069 549 3113 ab
586 3087 709 3132 eqvo
743 3071 1084 3118 descendebat
1105 3077 1260 3132 atqve
1283 3067 1452 3115 vinxit
1473 3083 1624 3130 eqvos
1650 3062 1699 3111 δε
1722 3066 1776 3111 in
1812 3068 1980 3112 locum
2004 3070 2257 3130 qvendam
2283 3074 2435 3138 lapi-

267 3159 416 3203 deum
442 3173 758 3220 progressus
790 3161 861 3206 ibi
896 3161 1091 3206 hostem
1128 3154 1621 3220 exciperejubebat‚
1659 3155 1889 3217 dixitqve
1921 3156 2021 3202 sibi
2046 3175 2152 3206 esse
2176 3160 2229 3207 in
2254 3166 2431 3213 animo
