2956 3854
1216 237 1490 317 ...E-1...

274 411 376 463 vim
389 409 745 474 gubernaret?
768 412 967 460 olavus
979 421 1160 459 nomen
1173 405 1424 464 elocutus,
1448 405 1673 466 rogavit,
1709 406 1921 469 ςμὶιιιιιη
1946 414 2075 454 esset
2106 407 2329 471 insignis
2356 407 2447 455 ille

270 517 431 570 eqves,
455 501 655 564 qvicum
680 501 766 548 illi
781 510 903 574 tum
916 511 1089 547 sermo
1095 492 1262 544 esset?
1285 494 1394 549 Ille
1409 494 1705 555 respondit:
1727 494 1790 541 M
1775 497 2074 559 yrksartan
2094 497 2224 552 mihi
2245 513 2443 570 nomen.

225 633 227 635 ,
276 591 476 638 Olavus
511 590 678 638 dixit:
729 606 876 659 num
897 596 952 633 tu
967 574 1335 633 Hibernorum
1376 581 1506 629 rex?
1561 582 1665 628 Ille
1708 599 1761 646 se
1803 601 1910 630 esse
1951 579 2270 645 confitmlzal
2320 593 2444 631 tunc

273 694 364 725 rex
387 680 450 726 de
472 662 723 742 publicis
729 677 877 726 novis
893 674 1191 752 qvaesivit.
1221 674 1421 720 Olavus
1442 686 1615 718 omnes
1641 670 1849 718 oblatas
1870 673 1968 719 sihi
1991 674 2446 759 qvcestionespru-

271 750 467 814 denter
477 765 742 813 solvebat.
802 751 930 815 Τιιιιι
954 780 1045 811 rex
1067 781 1093 810 e
1115 779 1344 828 ‘qvanam
1371 770 1515 808 terra
1531 745 1726 824 egressi
1747 763 1976 826 qvodqve
1996 763 2262 809 hominum
2277 780 2442 826 genus

271 863 439 903 'essent
474 855 712 919 rogavit,
778 855 1030 918 simulqve
1071 852 1309 918 quaesivit
1364 833 1430 898 de
1463 850 1621 898 Olavi
1659 868 1870 913 genere,
1935 868 2026 899 rex
2075 860 2248 899 tamen
2301 869 2445 899 com—

265 942 492 1008 periens,
519 944 826 1007 superbum·
847 944 983 991 hunc
1003 945 1112 990 esse
1134 941 1406 999 hominem,
1424 941 1518 1004 qvi
1539 933 1709 1002 plura
1745 941 1916 986 dicere
1947 952 2100 1004 qvam
2132 957 2245 1004 qvoe
2278 938 2444 1001 roga-

273 1042 357 1080 tus
373 1043 503 1081 esset
527 1036 866 1097 detrectaret,
899 1032 1071 1079 noluit
1091 1030 1563 1092 inpraesentiarum
1580 1029 1767 1090 plures
1797 1030 1882 1076 illi
1907 1029 2092 1092 offerre
2117 1035 2439 1092 qvoestiones.

273 1123 474 1188 Qlavus
498 1123 660 1169 dixit:
687 1125 807 1170 Hoc
840 1122 935 1178 tibi
954 1123 1075 1185 jam
1106 1121 1349 1183 eloqvar,
1401 1135 1479 1164 me
1513 1118 1754 1183 e2littore
1787 1118 2076 1182 Norvagiae
2105 1119 2283 1167 navim
2303 1133 2444 1181 pro-

267 1211 486 1275 pulisse,
509 1210 604 1256 hos
630 1227 751 1258 vero
766 1212 919 1268 viros,
942 1211 1027 1274 qvi
1048 1211 1101 1256 in
1116 1210 1242 1255 navi
1265 1210 1476 1268 adsunt,
1502 1225 1608 1254 esse
1619 1208 1822 1254 aulicos
1844 1209 1980 1272 regis
1993 1209 2236 1255 Haraldi
2252 1208 2443 1254 Gunn-

271 1299 436 1348 hildae
454 1299 581 1362 filii.
652 1301 771 1348 Hoc
793 1317 912 1348 vero
940 1300 1033 1346 tibi
1051 1295 1300 1371 Domine,
1337 1299 1399 1344 de
1427 1314 1537 1344 meo
1556 1313 1742 1363 genere
1765 1297 2038 1344 dicendum
2065 1298 2257 1346 haheo:
2302 1299 2443 1343 Pat-

272 1391 380 1436 r'em
402 1406 583 1447 meum,
608 1389 945 1435 Hoskuldum
965 1376 1185 1446 nomine,
1223 1389 1278 1434 in
1311 1387 1559 1460 Islandia
1581 1385 1844 1458 habitare,
1881 1387 2051 1434 virum
2066 1402 2254 1448 genere
2291 1385 2444 1431 nobi-

271 1456 554 1537 tissimum,
591 1494 758 1524 meum
781 1487 956 1524 autem
978 1480 1273 1523 maternum
1292 1492 1457 1539 genus
1472 1454 1575 1522 tibi
1594 1476 1779 1522 melius
1803 1468 1956 1538 qva-m
1979 1476 2110 1522 milii
2136 1484 2313 1523 notum
2338 1490 2445 1521 esse

272 1564 503 1630 confid05
539 1568 670 1614 mihi
690 1567 824 1623 enim
837 1575 1006 1612 mater
1018 1567 1292 1613 Melkorka
1306 1566 1542 1622 nomine,
1550 1561 1600 1611 8<
1622 1565 1718 1610 lzoc
1741 1580 1869 1609 sane
1890 1564 2023 1609 mihi
2038 1580 2221 1611 verum
2248 1563 2446 1608 dictum

270 1673 386 1706 ,ossa
401 1655 792 1714 existimo,¹eam
815 1663 978 1714 tuam,
1009 1662 1115 1713 rex,
1148 1670 1255 1700 esse
1270 1653 1464 1714 filiam.
1518 1654 1601 1700 En
1626 1653 1721 1699 tibi
1743 1658 2072 1712 caussascur
2099 1661 2209 1700 tam
2235 1653 2447 1714 longum

272 1745 384 1807 iter
399 1745 737 1808 susceperim,
781 1742 832 1792 δε
852 1743 963 1791 >hoc
987 1731 1115 1790 sane
1144 1743 1326 1805 magni
1357 1743 1525 1804 resen
1527 1758 1551 1788 e
1560 1743 1763 1806 judi00,
1798 1743 1979 1813 qvalia
2010 1751 2195 1801 nostro
2222 1741 2448 1801 sermoni

273 1851 527 1899 responsa
552 1837 758 1912 reddas.
842 1835 968 1882 Τιιιιι
1000 1849 1091 1879 rex
1110 1832 1362 1879 conticuit
1384 1829 1631 1895 &postea
1653 1849 1764 1893 cum
1785 1834 1894 1879 suis
1918 1833 2122 1883 locutus
2148 1840 2240 1878 est
2319 1831 2448 1877 Tum

273 1925 539 1991 sapientes
564 1925 667 1971 viri
684 1907 853 1987 regem
859 1906 1144 1987 rogabant,
1179 1923 1304 1986 qvid
1314 1938 1389 1968 rei
1405 1917 1717 1983 veritatiqve
1728 1923 1953 1968 maxime
1976 1930 2109 1969 esset
2139 1920 2446 1987 conveniens
2498 1968 2501 1971 s

275 1988 353 2060 in
350 2006 505 2076 hujus
517 2014 620 2061 viri
636 2030 882 2059 sermone.
928 2014 1042 2059 Rex
1067 2011 1231 2057 dixit:
1265 2011 1444 2056 Illud
1427 2028 1480 2056 ιιι
1502 2011 1597 2056 hoc
1617 2005 1785 2057 Olavo
1810 2019 1899 2057 sat
1918 2006 2272 2071 manifestum,
2296 2008 2447 2054 illum

272 2091 577 2166 generosum
596 2119 703 2147 esse
725 2104 910 2160 virum,
946 2109 1121 2146 utrum
1142 2095 1288 2145 nobis
1312 2099 1728 2161 consangvineus
1755 2099 1826 2145 sit
1851 2090 1925 2147 an
1949 2116 2080 2157 non,
2125 2090 2285 2145 simul
2315 2098 2451 2161 qvod

278 2179 418 2238 adeo
442 2191 674 2252 perfecte
708 2191 787 2238 uti
821 2189 1091 2252 qvisqvam
1130 2188 1436 2233 mortalium
1474 2177 2013 2251 hiberniceloqvitur.
2119 2177 2335 2234 Deinde
2360 2202 2450 2232 rex

275 2279 550 2342 surgebat,
595 2287 750 2342 atqve
782 2278 946 2325 dixit:
989 2277 1112 2322 Jam
1142 2284 1230 2322 tuo
1263 2276 1488 2322 sermoni
1525 2277 1664 2323 talia
1688 2279 1925 2324 [reddam
1959 2293 2249 2339 responsa:
2306 2275 2450 2323 vohis

277 2355 514 2426 omnibus
546 2367 727 2413 nautis
763 2375 880 2414 tuta
914 2367 1014 2412 erit
1030 2381 1178 2428 pa‚x,·
1221 2366 1732 2428 consanguinitatem
1754 2376 1931 2414 autem
1964 2368 2143 2424 illam,
2180 2383 2332 2430 qvam
2358 2366 2452 2412 tibi

278 2445 544 2508 nobiscum
575 2473 686 2502 esse
707 2457 816 2516 ais,
853 2457 988 2519 qvod
1009 2455 1219 2514 attinet,
1251 2464 1384 2518 puto
1407 2454 1554 2523 nobis
1572 2457 1636 2502 de
1661 2459 1840 2503 eadem
1858 2458 2026 2520 plura
2058 2458 2314 2519 loqvenda
2347 2472 2453 2501 an-

285 2555 490 2629 teqvam
515 2563 606 2609 ego
625 2546 726 2592 hac
747 2548 808 2592 de
828 2563 882 2592 re
914 2545 1007 2594 tibi
1040 2545 1259 2619 aliquod
1289 2561 1596 2629 responsum
1626 2548 1862 2595 reddam
1963 2547 2091 2594 Tum
2123 2545 2391 2609 ponticuli
2428 2562 2455 2591 e

284 2636 412 2707 navi
437 2636 492 2682 in
518 2645 715 2701 terram
738 2635 900 2698 ejecti,
936 2630 1090 2698 atqve
1120 2635 1319 2681 Olavus
1350 2626 1462 2679 cum
1488 2636 1642 2681 sociis
1668 2636 1722 2682 in
1748 2645 1946 2683 terram
1966 2629 2025 2682 err
1988 2653 2215 2699 bressiis,
2245 2637 2456 2697 jamque

284 2703 514 2778 Hiberni
538 2727 760 2771 multum
781 2725 1042 2771 admirati
1072 2732 1357 2786 augustum
1379 2733 1534 2786 atqve
1564 2726 1870 2772 martialem
1913 2726 2139 2773 hominis
2171 2732 2455 2787 aspectum.

283 2814 426 2862 Dein
467 2802 668 2862 Olavus
718 2816 959 2860 detracta
995 2797 1155 2877 galea
1191 2817 1358 2877 regem
1396 2815 1630 2862 comiter
1644 2815 1949 2862 salutabat
1974 2821 2190 2878 corpore
2239 2813 2457 2875 inflexo,

284 2911 442 2967 atqve
453 2905 573 2967 jam
592 2906 683 2950 rex
704 2905 856 2950 illum
880 2905 1050 2959 multa
1070 2920 1188 2950 cum
1208 2904 1532 2966 benignitate
1557 2904 1785 2966 excepit;
1818 2921 1937 2951 mox
1957 2905 2093 2950 inter
2114 2921 2197 2951 eos
2222 2911 2464 2965 coeptum

292 2993 614 3056 colloqvium
622 2990 673 3041 &
699 2995 897 3042 Olavus
913 3011 1071 3041 suam
1096 3009 1339 3041 caussam
1363 2994 1600 3055 repetiit,
1640 3002 1841 3057 tumqve
1873 2995 2095 3055 longam
2116 3002 2271 3056 atqve
2289 2992 2463 3039 diser-

294 3091 405 3129 tam
430 3083 718 3129 orationem
744 3084 946 3143 habuit,
973 3082 1023 3132 δε
1049 3101 1106 3131 οι
1109 3083 1475 3145 ationefnzta,
1490 3083 1624 3128 dixit
1648 3101 1699 3128 se
1715 3084 1781 3129 in
1792 3100 1953 3130 manu
1974 3092 2182 3146 gestare
2208 3084 2465 3130 ιιιιιιιιῖιιιιι

295 3187 439 3236 qvem
464 3171 739 3220 ,Melkorka
766 3174 819 3220 in
843 3174 1089 3221 Islandia
1115 3173 1180 3220 ab
1206 3160 1262 3221 eo
1291 3173 1555 3219 discedens
1578 3173 1624 3219 ei
1639 3174 1971 3237 tradidisset,
2007 3191 2259 3239 qvenzqve,
2286 3172 2468 3236 inqvit,

2154 3265 2198 3310 L
