2956 3854
0 659 21 849 taff-5:233:
6 643 16 652 ‹-
5 631 7 635 ·
6 544 25 550 1

3 2011 16 2054 „w

1336 227 1419 286 93

284 388 432 439 huzda·
454 388 625 448 adiit,
672 389 885 437 comiter
920 388 987 436 ab
1014 387 1290 438 Hoskuldo
1327 395 1610 449 exceptus,
1638 397 1970 454 coeptumqve
1994 391 2132 439 inter
2164 406 2247 438 eos
2283 393 2451 439 collo·-

282 479 483 542 qvium:
523 479 830 527 H‘oskuldus
862 478 1102 541 rogavit:
1139 476 1340 541 qvalem
1364 476 1678 539 nuptiarum
1692 480 1887 540 petitio
1913 489 2148 528 eventum
2173 489 2334 527 nacta
2364 482 2447 528 sit.

276 567 651 630 Egilluslzunc
659 585 861 632 parum
885 568 1064 614 laetum
1087 566 1418 629 confirmans,
1460 565 1654 624 omnia,
1696 567 1777 612 uti
1787 567 1952 627 facta
1984 578 2152 629 erant,
2194 572 2447 633 exposuit.

276 647 586 703 Hoskuldus
616 657 776 716 dixit,
828 665 1096 718 aspectum
1115 671 1317 703 caussae
1340 671 1446 701 esse
1471 655 1759 715 duriorem,
1805 665 1979 703 tamen
2011 658 2256 706 laudavit
2280 660 2448 723 Egilli

277 725 535 790 rationem
546 741 883 806 procedendi.
960 745 1159 792 Olavus
1180 761 1356 793 eorum
1377 745 1631 807 colloqdio
1653 762 1757 792 non
1780 746 2037 806 interfuit.
2112 749 2306 794 Verum
2323 757 2449 811 post

274 831 387 882 ἠως
406 832 618 895 Egillus
640 849 832 881 rursus
863 834 1013 890 abiit.
1106 835 1309 882 Olavus
1337 834 1827 896 rogavitquomodo
1859 835 2095 898 conjugis
2120 836 2312 898 petitio
2336 854 2448 884 ces-

273 921 436 971 sisset.
532 922 1038 973 H‘oshuldus.'illam
1077 939 1278 985 parum
1328 923 1478 968 Zaetos
1523 938 1696 968 rerum
1739 932 1984 984 aspectus
2021 924 2259 971 exhibere
2295 925 2444 976 dixit.

279 1008 422 1063 ‚Tunc
443 1010 678 1060 ,Olavuss
720 1015 803 1059 ad.
816 1013 899 1071 id,
933 1012 1125 1075 inqvit,
1146 1009 1269 1074 jam
1295 1011 1503 1058 devenit
1526 1027 1608 1057 res
1633 1013 1767 1074 qvod
1789 1009 1884 1056 tibi
1905 1020 2065 1057 antea
2091 1012 2225 1071 dixi,
2263 1029 2446 1075 nempe

271 1113 351 1159 me
373 1098 511 1144 male
535 1100 969 1162 contentumlfore
994 1100 1040 1146 si
1063 1099 1410 1162 ignominiosa
1436 1115 1689 1161 responsa
1711 1108 2053 1163 reportarem.
2131 1102 2255 1148 Tuae
2275 1102 2446 1164 magis

191 1206 199 1208 *
274 1202 567 1242 concessum
596 1195 674 1234 est
703 1189 1018 1257 auctoritati
1043 1190 1250 1253 qvando
1273 1187 1386 1247 liaec
1410 1188 1648 1250 primum
1672 1188 2064 1253 eloqvebamur,
2105 1191 2225 1254 jam
2248 1207 2361 1237 mea
2389 1192 2443 1237 in

269 1270 609 1344 hocvaleat,
662 1279 799 1340 qvod
825 1294 935 1324 rem
968 1278 1046 1324 ita
1083 1278 1335 1340 infectam
1368 1294 1472 1324 non
1505 1279 1890 1342 relin'qvamus5
1944 1296 2069 1326 nam
2101 1296 2277 1327 verum
2314 1296 2442 1326 sane

270 1360 409 1410 iilud
420 1357 784 1426 proverbium:
836 1368 1050 1430 Lupum
1073 1385 1181 1414 esse
1204 1366 1371 1413 alieni
1395 1367 1592 1428 negotii
1612 1377 1932 1414 executorem
1946 1366 2017 1430 *)‚
2055 1369 2236 1415 statim
2266 1369 2440 1432 itaqve

271 1451 355 1498 ibo
382 1454 456 1498 ad
476 1453 646 1515 Egilli
667 1454 1080 1501 tabernaculum.
1150 1455 1456 1502 Hoskuldus
1481 1454 1637 1517 liujus
1669 1456 1745 1501 rei
1776 1457 1860 1502 illi
1886 1455 2108 1503 liberam
2129 1457 2262 1517 fecit
2276 1467 2438 1520 pote-

268 1548 471 1587 statem.
550 1541 692 1588 Tunc
715 1544 914 1590 Olavus
935 1544 1013 1589 ita
1043 1543 1161 1590 erat
1187 1551 1456 1589 armatus:
1501 1543 1758 1603 coccineo,
1794 1561 1937 1607 qvem
1965 1560 2055 1590 rex
2075 1545 2361 1590 Haraldus
2391 1546 2438 1592 ei

269 1629 589 1686 donaverat,
641 1608 858 1676 indutus
899 1639 1018 1676 erat
1063 1631 1282 1688 vestitu,
1339 1630 1656 1675 obauratam
1695 1632 1943 1693 gestabat
1981 1634 2223 1694 galeam,
2275 1629 2437 1679 manu

266 1725 444 1762 autem
477 1716 684 1762 tenebat
715 1734 883 1764 ensem
921 1718 1074 1764 illum
1102 1726 1371 1774 auratum,
1406 1734 1550 1780 qvem
1585 1734 1676 1764 rex
1697 1719 2045 1781 Myrkjartan
2082 1721 2167 1766 illi
2204 1722 2434 1768 dederat.

262 1804 388 1852 Jam
419 1803 729 1851 II‘oskuldus
766 1816 921 1869 atqve
960 1807 1160 1854 Olavus
1197 1804 1597 1852 tabernaculum
1627 1807 1796 1869 Egilli
1839 1810 2065 1855 adeunt:
2127 1810 2435 1857 Hoskuldus

257 1893 508 1958 praeivit5
550 1894 749 1941 Olavus
783 1896 935 1941 illum
961 1911 1080 1941 mox
1113 1893 1531 1956 subseqvebatur.
1597 1896 1811 1958 *Egillus
1843 1914 1928 1943 eos
1962 1897 2179 1960 benigne
2205 1900 2434 1961 excepit:

263 1981 571 2029 Hoskuldus
593 1985 743 2046 apud
763 1984 914 2030 illum
940 1981 1254 2030 considebat.
1332 1983 1531 2031 Olavus
1553 1981 1793 2046 (erectus)
1820 1986 1966 2030 stetit
1989 1986 2433 2048 circumspectans

264 2070 534 2118 mulierem
557 2071 612 2117 in
634 2080 877 2133 suggestu
901 2059 1147 2134 qvoda'm,
1184 2070 1270 2133 qvi
1291 2079 1408 2116 erat
1431 2071 1485 2117 in
1508 2071 1866 2130 tabernaculo,
1903 2073 2266 2138 considentem,
2305 2092 2432 2121 con-

265 2159 453 2222 spexit.
526 2159 637 2206 Illa
661 2167 779 2206 erat
795 2160 983 2206 mulier
990 2159 1236 2220 formosa
1245 2191 1264 2214 ,
1299 2168 1527 2221 augusta
1549 2168 1704 2223 atqve
1729 2159 1850 2206 bene
1871 2162 2062 2208 vestita
2077 2179 2091 2208 :
2134 2162 2274 2208 lianc
2297 2172 2433 2210 certe

270 2248 319 2295 T
312 2248 629 2310 horgerdam
660 2249 829 2310 Egilli
848 2247 1029 2309 filiam
1059 2264 1167 2293 esse
1199 2247 1700 2295 comminiscebatur.
1795 2249 1995 2297 Olavus
2027 2251 2102 2296 ad
2121 2259 2431 2313 *suggestum

255 2350 571 2399 progressus
591 2337 742 2398 apud
763 2336 916 2383 illam
939 2335 1188 2383 consedit.
1259 2336 1420 2385 Hunc
1448 2337 1620 2384 virum
1652 2339 1955 2402 leorgerda
1979 2341 2242 2388 salutavit
2266 2354 2431 2404 roga-

259 2424 433 2492 vitqve
451 2423 538 2487 qvi
560 2423 713 2471 homo
739 2422 907 2471 esset?
982 2425 1181 2472 Olavus
1203 2441 1353 2474 suum
1373 2435 1528 2490 atqve
1544 2427 1730 2489 patris
1746 2444 1928 2475 nomen
1949 2429 2212 2476 elocutus:
2248 2432 2430 2476 audax

262 2508 455 2576 inqvit‚
494 2513 590 2559 tibi
608 2496 870 2561 videbitur
888 2513 1238 2576 servoefilius,
1275 2515 1361 2578 qvi
1389 2518 1541 2578 apud
1561 2524 1610 2562 te
1634 2517 1900 2563 considere
1923 2526 2077 2581 atqve
2102 2527 2267 2566 tecum
2291 2520 2432 2582 loqvi

260 2617 367 2648 non
401 2609 659 2650 vereatur.
756 2602 1062 2666 Thorgerda
1092 2604 1391 2666 respondit:
1446 2605 1607 2651 talem
1630 2604 1725 2650 tibi
1747 2606 1996 2669 spiritum
2023 2607 2187 2654 inesse
2211 2609 2426 2670 opinor,·

261 2697 321 2737 ut
358 2690 578 2753 majoris
610 2692 855 2750 audaciae
890 2709 1043 2756 qvam
1073 2693 1249 2752 illius,
1302 2709 1414 2757 qvoe
1444 2695 1519 2740 ad
1552 2695 1945 2757 colloqve'ndum
1983 2713 2095 2742 cum
2120 2695 2426 2742 mulieribus

259 2779 582 2841 exposcitur,
628 2788 677 2827 te
699 2782 1060 2828 documentum
1084 2780 1310 2828 edidisse
1338 2767 1560 2828 censeas.
1633 2784 1766 2830 Inde
1797 2801 1961 2831 sermo
1997 2785 2133 2832 inter
2161 2800 2245 2829 eos
2277 2791 2424 2828 ortus

261 2863 430 2930 &per
453 2877 627 2926 totum*
645 2870 782 2916 diem
801 2871 1157 2929 continuatus,
1195 2871 1334 2918 nulli
1355 2879 1510 2918 erant
1533 2872 1746 2919 illorum
1768 2873 2013 2936 colloquii
2037 2873 2188 2918 testes
2194 2902 2219 2930 ,-
2248 2886 2426 2918 verum

260 2964 539 3019 anteqvam
559 2958 902 3020 discederent,
935 2961 1228 3010 advocatus
1252 2968 1331 3006 est
1349 2960 1558 3023 Egillus
1583 2970 1738 3025 atqve
1758 2963 2095 3021 Hoskuldus,
2139 2970 2293 3024 atqve
2321 2960 2424 3007 ite-

262 3059 378 3091 rum
403 3046 465 3091 de
489 3062 647 3093 uxore
672 3049 839 3097 Olavo
853 3051 1089 3111 petenda
1111 3058 1260 3129 ortzcs
1279 3066 1468 3108 sermo,
1522 3058 1726 3113 tumque
1754 3051 2059 3122 Thorgerda
2080 3050 2310 3118 patris
2290 3064 2424 3113 auc—

263 3133 477 3180 toritati
505 3151 612 3180 rem
643 3122 1022 3199 committebat·
1064 3124 1184 3202 jam
1210 3139 1400 3203 absqve
1419 3140 1624 3203 negotio
1640 3147 1867 3202 peracta
1902 3155 2013 3199 res,
2067 3136 2117 3186 ὃ(
2145 3137 2421 3201 sponsalia

320 3265 363 3312 *)
397 3277 434 3302 0:
456 3269 696 3319 proximum
727 3283 916 3322 quemque
944 3285 1029 3310 esse
1062 3272 1159 3312 sibi.
