2956 3854
0 954 6 988 κ·
0 511 19 934 -η-*ρ-τρε-ι-»σ-ψνννγυγ
2 464 3 467 Α
11 403 14 407 ,
7 274 10 277 -

171 1810 199 1829 N

1185 327 1218 337 -
1259 256 1384 312 251

225 421 460 472 subdivo
485 423 541 470 in
563 421 828 470 montibus
856 423 1031 490 degi-t,
1058 459 1061 461 .
1082 422 1204 471 dum
1228 429 1364 468 esset
1389 420 1445 470 in
1468 419 1640 468 exilio.
1662 467 1669 471 ,
1712 395 2311 486 Μαὲιισείἰὶρέῂςιαιιινω.
2328 420 2410 473 :vir

224 525 290 558 ac
306 511 494 572 fortis.
567 512 742 560 Eidus
761 521 927 560 oetate
955 520 1087 559 erat
1102 511 1386 574 admodum
1413 519 1722 576 provectus,
1768 530 1925 592 qvam
1947 513 2058 560 liaec
2085 519 2411 580 gererentur,

222 610 548 677 quapropter
576 603 729 648 nulla
759 619 897 667 qvoer
898 601 1086 648 ebatur
1109 600 1266 671 liujus
1291 600 1462 662 caedis
1472 600 1724 648 vindicta.
1805 588 2039 658 Multum
2064 602 2203 648 illud
2238 601 2410 666 Thor-

222 692 357 738 kello
369 726 386 750 ,
421 690 755 754 Eyolfifilio‚
790 692 918 739 vitio
934 707 1152 751 versum,
1189 676 1321 753 qvod
1332 689 1486 763 illam
1498 691 1686 737 caedem
1709 691 1858 737 haud
1873 691 2144 739 vindicare
2156 669 2403 737 studeret.

220 781 469 843 Seqvente
482 795 613 838 vere,
651 797 804 843 qvum
822 776 1089 827 Thorkelli
1109 788 1229 826 erat
1243 760 1452 842 parata
1476 780 1650 836 navis,
1683 762 1951 827 meridiem
1971 782 2148 855 versus
2171 779 2408 827 Breida-

202 867 441 931 fiordam
465 869 708 933 trajecit,·
743 886 863 934 eqvo
894 869 967 917 ibi
998 877 1309 932 comparato
1340 871 1484 916 solus
1522 869 1644 916 inde
1668 870 1889 917 vehitur·
1919 870 2068 917 haud
2110 868 2407 915 intermisso

219 958 410 1006 itinere
433 967 711 1023 anteqvam
734 960 906 1007 Asum
929 960 1003 1004 ad
1023 955 1304 1021 cognatum
1325 967 1476 1005 suum
1499 959 1692 1006 Eidum
1715 961 2030 1021 perveniret.
2115 935 2313 1008 LaetusJ
2333 957 2406 1002 il-

219 1049 330 1095 lum
351 1049 521 1096 Eidus
543 1049 760 1112 excepit.
839 1047 1149 1098 Thorkellus
1170 1047 1491 1109 eiflegotium
1514 1063 1664 1092 suum
1687 1048 2026 1096 memoravitz:
2059 1048 2190 1096 velle
2204 1063 2256 1092 se
2273 1059 2404 1110 exu-

218 1139 322 1196 lem·
341 1139 643 1200 sylvestrem
668 1137 907 1191 Grimum
931 1137 1233 1184 convenire·
1214 1170 1231 1196 7
1271 1143 1486 1199 tumqve
1494 1135 1689 1182 Eidum
1711 1138 1951 1201 rogavit:
1986 1153 2060 1183 an
2089 1135 2211 1199 qvid
2230 1135 2404 1203 sciret,

213 1224 304 1280 ubi
318 1225 916 1281 illiusessetlatibulum.
985 1225 1154 1272 Eidus
1167 1224 1470 1288 respondit.
1502 1225 1653 1272 Izaud
1663 1225 2153 1272 lzaecmilzimultum
2163 1226 2401 1288 placent,

146 1349 152 1356 -
212 1331 339 1377 nam
357 1331 608 1395 magnum
622 1315 817 1363 videris
833 1314 1231 1400 tibipericulum
1243 1298 1515 1395 facessere
1533 1314 1631 1361 hoc
1657 1315 1846 1362 itinere
1866 1316 2229 1387 suscipiendo,
2267 1314 2399 1380 Gri-

211 1421 328 1452 mus
340 1397 477 1451 enim
502 1393 747 1452 immanis
770 1413 849 1451 est
871 1405 983 1452 vir·
965 1439 981 1480 ,²
1018 1404 1066 1450 si
1085 1421 1204 1452 vero
1221 1389 1490 1466 proficisci
1511 1389 1678 1466 cupis,
1708 1406 1901 1451 multos
1917 1414 2081 1451 tecum
2095 1389 2290 1450 habeas
2308 1419 2399 1448 co-

208 1493 378 1551 mites,
400 1502 459 1541 ut
473 1493 635 1540 totius
649 1509 724 1540 ret
730 1505 894 1557 penes
910 1503 958 1541 te
970 1493 1253 1541 arbitrium
1266 1493 1349 1540 sit.
1394 1493 1717 1552 Tliorkellus',
1738 1495 2022 1557 inglorium
2035 1494 2181 1553 milii,
2210 1492 2394 1555 inqvit,

209 1574 421 1632 videtur
455 1599 654 1647 magna
686 1578 954 1650 hominum
987 1577 1328 1646 multitudine
1353 1596 1513 1630 unum
1540 1584 1763 1645 aggredi
1795 1584 1979 1630 virum.
2024 1585 2190 1630 v·1S'ane
2219 1590 2394 1650 autem

209 1679 453 1735 cuperem
456 1704 480 1732 ,,
511 1682 585 1720 *ut
601 1682 773 1720 ensem
787 1673 922 1720 milii
943 1674 1303 1736 Skbfnungum
1329 1675 1589 1727 traderes,
1637 1658 1747 1718 tum
1771 1673 1908 1719 enim
1941 1684 2103 1724 unum
2140 1671 2394 1727 masoli-

208 1762 436 1819 tarium,
476 1777 688 1824 magnae
711 1762 835 1808 licet
854 1762 1221 1825 strenuitatis,
1260 1769 1636 1824 superaturum
1665 1778 1834 1825 spero.
1923 1761 2103 1824 Hujus
2129 1761 2208 1807 rei
2231 1768 2393 1823 pote-

208 1859 323 1918 stas
339 1868 504 1915 penes
528 1859 579 1898 te
602 1851 804 1915 qvidem
829 1853 948 1912 erit,
988 1851 1129 1901 dixit
1149 1852 1344 1909 Eidus,
1378 1852 1528 1899 haud
1550 1859 1727 1898 tamen
1752 1851 1885 1898 milti
1907 1835 2008 1897 erit
2034 1852 2089 1897 in
2113 1859 2392 1913 exspecta-

209 1951 344 2002 tum,
389 1942 437 1988 si
466 1950 517 1988 te
547 1950 654 1988 tuae
672 1942 993 2004 pervicaciae
1010 1940 1300 2025 aliquando
1321 1941 1629 2007 poenitebit.
1710 1943 1906 1989 Verum
1931 1950 2106 1987 tamen
2140 1957 2254 1986 cum
2278 1940 2391 2022 liceo

205 2047 322 2078 mea
337 2047 527 2077 caussa
556 2040 605 2077 te
629 2032 895 2094 suscipere
917 2021 1186 2089 autumes,
1220 2031 1343 2076 nolo
1364 2029 1460 2076 tibi
1474 2030 1612 2076 hac
1594 2046 1647 2076 m
1662 2045 1717 2076 re
1739 2031 1949 2093 negotia
1958 2029 2250 2093 perhibere,
2282 2046 2373 2075 nec

207 2135 317 2185 qvoe
335 2121 613 2184 postulas,
651 2121 939 2183 denegare3
977 2134 1104 2167 nam
1125 2118 1248 2165 hene
1263 2119 1540 2166 convenire
1558 2120 1824 2178 existimo,
1860 2119 1940 2165 uti
1956 2127 2012 2164 tu
2027 2119 2387 2181 Sk'o'fnungum

199 2224 377 2272 geras.
455 2211 604 2257 Talis
617 2218 792 2257 autem
801 2209 980 2273 gladii
989 2217 1189 2255 natura
1198 2216 1305 2255 est:
1341 2208 1527 2270 capuli
1529 2208 1778 2271 globulus
1790 2225 1824 2254 a
1839 2208 1966 2255 solis
1981 2209 2154 2254 radiis
2173 2224 2352 2254 conser
2354 2234 2386 2244 -

202 2299 409 2346 vatidus
439 2306 543 2357 est,
588 2315 682 2346 nec
709 2298 907 2361 stringi
937 2297 1084 2344 debet
1101 2297 1323 2360 gladius
1346 2297 1401 2344 in
1423 2298 1703 2344 mulierum
1729 2307 2022 2362 conspectu.
2086 2341 2096 2347 ,
2117 2298 2286 2362 Siqvis
2316 2297 2382 2344 ab

204 2388 382 2443 eodem
402 2388 592 2436 vulnus
610 2389 897 2451 acceperit,
933 2403 1039 2436 non
1058 2394 1236 2450 potest
1265 2386 1406 2433 illud
1418 2387 1637 2446 sanari,
1673 2388 1780 2434 nisi
1803 2387 2085 2450 applicato
2106 2388 2261 2435 vitali
2288 2387 2382 2433 illo

205 2477 426 2550 lapide,
459 2477 542 2541 9νί
565 2461 757 2541 gladio
787 2477 935 2525 inest.
1022 2475 1334 2524 Thorkellus
1365 2491 1419 2522 se
1439 2476 1553 2523 hoec
1576 2477 1780 2524 monita
1809 2477 1932 2524 bene
1953 2486 2385 2525 conservaturum

194 2546 464 2644 promisit.
505 2566 674 2613 Eidus
683 2583 735 2614 se
741 2565 1079 2630 potissimum
1090 2572 1371 2612 autumare
1383 2581 1416 2611 a
1409 2564 1690 2628 ffirmavit
1713 2558 1895 2627 Grimo
1911 2565 2192 2613 latibulum
2207 2584 2314 2614 esse
2329 2567 2383 2612 in

201 2637 422 2703 desertis
437 2655 716 2719 Tvidoegra
731 2656 888 2703 dictis
898 2657 973 2703 ad
987 2655 1271 2703 Fiskivb‘tn.
1339 2655 1547 2702 Deinde
1565 2656 1876 2703 Thorkellus
1889 2655 2125 2703 borealia
2135 2672 2312 2703 versus
2328 2657 2381 2701 in

198 2744 407 2792 deserta
413 2743 687 2809 profectus
694 2780 711 2804 ,
737 2762 835 2810 qva
815 2742 1014 2795 Eidus
1027 2744 1114 2792 illi
1123 2743 1304 2790 indica
1314 2746 1462 2791 verat
1469 2747 1484 2802 ,‘
1495 2745 1499 2762 ⁸
1510 2744 1561 2793 e't
1575 2753 1727 2810 q'vum
1743 2742 2076 2809 longilmjam
2092 2745 2146 2790 'in
2163 2742 2273 2790 illis
2282 2742 2382 2789 iter

196 2845 435 2885 emensus
448 2845 606 2899 esset,
620 2855 623 2860 ·
638 2837 694 2884 in
706 2836 931 2902 qvodam
946 2835 1060 2883 loco
1071 2849 1321 2897 magnum
1337 2834 1604 2964 tugurium
1618 2831 1889 2900 conspexit
1900 2869 1918 2896 ,
1958 2830 2112 2899 atqve
2122 2852 2179 2881 eo
2196 2832 2375 2881 tendit.

1059 2993 1238 3055 CAP.
1283 2996 1534 3055 LVIII

439 3079 620 3170 Jam
662 3068 972 3170 leorkellus
1003 3105 1082 3151 ad
1110 3104 1378 3168 tugurium
1397 3063 1665 3167 pervenit,
1713 3071 2085 3166 conspexitqve
2114 3099 2373 3149 hominem

190 3193 340 3243 lacui
359 3196 689 3252 adsidentem
710 3196 785 3243 ad
806 3194 967 3245 rivuli
987 3183 1259 3263 cujusdam
1289 3194 1506 3255 ostium,
1535 3193 1820 3259 captandis
1834 3189 2074 3256 piscibus
2099 3190 2367 3237 intentum.

1961 3282 1984 3327 I
2019 3281 2036 3325 i
2073 3294 2100 3326 2
