2956 3854
1277 226 1387 282 43-

1166 296 1242 303 -.
1371 295 1463 304 ..⁶—

234 399 403 447 oz’rum
423 396 596 444 minus
620 394 915 455 honestum,
953 391 1046 437 sed
1072 399 1244 438 tamen
1267 389 1511 435 videntur
1534 390 1619 436 illi
1625 423 1641 448 ,
1687 387 1772 451 qvi
1804 387 1897 434 tibi
1938 386 2196 437 auxilium
2205 384 2399 448 ferant

231 488 376 542 vitoe
393 493 548 548 atqve
588 500 757 548 opum
771 481 943 541 subire
960 479 1258 541 periculum
1267 495 1286 538 ,·
1336 482 1447 527 tam
1479 485 1721 540 potentes
1763 477 1898 523 enim
1939 476 2080 524 viros
2123 492 2240 524 reor
2261 476 2398 523 hanc

235 591 461 659 qqusqm
466 580 853 646 ‚PeYSffHWYOS
873 568 1018 640 sore.
1103 569 1408 623 Praeterea,
1469 566 1638 631 inqvit
1683 566 1735 614 V
1736 565 1934 627 zgdzsa,
1990 567 2111 614 novi
2148 566 2398 613 maritum

233 681 415 733 meum
438 663 700 741 Thordum
731 673 848 735 esse
884 657 1054 708 virum
1089 656 1238 709 liaud
1276 655 1458 723 magni
1500 654 1701 719 qvidem
1736 653 1930 709 animi,
1989 655 2080 700 sed
2121 655 2400 702 minitante

229 734 498 831 periculo
503 719 789 796 muliebre
836 744 1113 810 concilium
1148 744 1454 808 plerumqve
1506 743 1786 801 vacillat,
1836 758 2012 789 verum
2076 751 2246 790 tamen
2298 759 2400 790 non

194 824 199 831 ⁵
236 825 434 888 sv'adet
451 828 660 914 animus
691 823 751 884 ut
788 835 882 883 tibi
915 835 1123 882 omnino
1160 834 1421 881 auxilium
1455 834 1710 896 denegem,
1743 846 1856 877 cum
1890 831 1991 878 huc
2018 834 2091 878 ad
2120 833 2402 894 petendam

236 944 383 992 opem
390 926 514 991 jam
538 909 828 974 adveneris».
887 926 1044 972 Tum
1064 923 1120 971 V
1116 923 1286 986 zgdzsa
1325 923 1476 971 illum
1501 923 1575 967 ad
1605 912 1906 967 solitarium
1929 916 2254 982 Ρεηιιαῑ·ιίιιη
2274 937 2401 966 con-

233 1014 443 1064 ductum
463 1032 570 1062 sese
593 1031 718 1076 oper
721 1016 791 1060 iri
782 1012 1050 1074 jubebat,
1060 1020 1268 1073 tumqie
1285 1011 1490 1056 clausit
1487 1009 1832 1072 penuarium.
1893 1010 2106 1065 *Deinde
2140 1010 2413 1057 leordmn

233 1105 471 1153 convenit
502 1103 581 1148 ita
611 1104 818 1149 locuta:
864 1101 972 1147 Hic
990 1101 1111 1163 jam
1131 1099 1362 1155 ,advenit
1394 1099 1476 1153 vir
1511 1100 1556 1146 T
1552 1099 1793 1160 horoifus
1833 1100 2037 1146 nomine
2062 1115 2283 1162 poscens
2303 1098 2402 1143 1ιο-

230 1190 465 1257 spitium,
502 1190 632 1237 miln‘
665 1191 947 1254 aliquanta
972 1188 1430 1251 consangvinitate
1466 1172 1814 1250 conjunctus,
1849 1185 1899 1234 8<
1931 1188 2016 1234 hic
2056 1189 2256 1251 qvidem
2281 1187 2417 1239 lon-1

224 1283 345 1346 gius
377 1279 691 1328 commorari
728 1295 992 1326 necessum
1030 1277 1129 1324 sibi
1153 1284 1414 1334 autumat,
1452 1276 1497 1321 si
1529 1293 1630 1339 per
1660 1286 1706 1323 te
1731 1278 1902 1323 liceat.
2003 1277 2240 1324 Thordus
2278 1291 2397 1321 vero

233 1371 370 1418 talia
397 1368 634 1431 hospitia
669 1367 768 1414 sibi
798 1372 999 1430 parum
1022 1368 1239 1429 placere
1264 1365 1536 1427 affirmans
1554 1400 1567 1424 ,
1619 1368 1768 1412 illum
1794 1367 1839 1410 si
1862 1366 2025 1412 nullis
2051 1373 2184 1411 esset
2215 1364 2399 1425 impli-

232 1446 786 1520 citus³difficultatibus
807 1457 958 1502 illam
981 1453 1208 1501 die'm'ibi
1240 1454 1550 1516 reqviescere
1560 1453 1805 1516 jubebat,
1844 1455 1926 1500 sin
1954 1454 2113 1500 aliter
2140 1462 2271 1499 esset
2303 1468 2399 1511 res,

233 1537 425 1595 statim·v
448 1544 609 1592 abire.
701 1545 843 1592 Tunc
873 1547 924 1594 V
927 1545 1122 1608 igdisa:
1166 1543 1287 1589 Jam
1314 1550 1501 1601 antea,
1542 1542 1731 1605 inqvit,
1778 1543 2009 1604 hospitio
2031 1543 2182 1587 illum
2207 1543 2400 1602 excepi,

234 1635 451 1699 necJ'am
471 1633 525 1679 in
550 1633 727 1679 animo
744 1641 823 1678 est
847 1649 909 1679 ea
924 1666 940 1692 ,
988 1647 1102 1697 qvce
1113 1630 1466 1693 promiserim,
1496 1645 1767 1688 revocare,
1824 1631 1924 1676 etsi
1948 1630 2274 1694 qvorundam
2294 1630 2399 1674 mi-

234 1741 332 1781 nus
347 1722 506 1784 felici
521 1721 759 1768 amicitia
785 1729 983 1767 utatur.
1055 1719 1261 1766 Deinde
1291 1718 1498 1765 Thordo
1526 1727 1781 1765 memorat
1800 1719 1963 1779 Halli
1986 1735 2170 1777 necem,
2192 1715 2242 1763 8<
2269 1718 2403 1781 qvod

188 1852 196 1859 ,
240 1811 523 1873 Thorolfus
556 1810 709 1855 illum
744 1809 1105 1873 interfecissit.
1200 1809 1327 1855 Tum
1359 1824 1477 1855 vero
1515 1808 1654 1854 Thor
1658 1809 1754 1878 dus
1791 1808 1872 1853 ira
1920 1808 2226 1854 commoveri
2258 1824 2402 1870 seqve

235 1908 372 1975 certo
405 1899 537 1946 scire
578 1898 845 1961 affirmare
875 1899 1182 1962 Ingjaldum
1227 1898 1451 1943 multam
1497 1896 1596 1942 sibi
1629 1898 1914 1959 pecuniam
1955 1896 2262 1943 ablaturum
2298 1911 2400 1957 pro

236 2005 318 2048 eo,
353 1988 489 2052 qvod
503 1988 623 2050 jam
656 1986 941 2034 exhibitum
973 1995 1121 2044 esset,
1172 1987 1407 2044 auxilio,
1465 1987 1672 2049 qvando
1702 1986 1823 2031 Ῐιιιὶο
1851 1972 2050 2031 homini
2080 1984 2411 2041 domicilium·

238 2077 612 2124 concederetur.
710 2075 853 2122 Tunc
892 2077 947 2122 V
945 2075 1141 2138 zgdisa
1195 2090 1298 2120 non
1349 2074 1444 2120 tibi
1505 2073 1563 2120 ob
1597 2074 1751 2119 unius
1789 2073 1956 2119 noctis
1991 2073 2279 2136 hospitium
2304 2073 2403 2118 In—

233 2166 451 2230 gjaldus
470 2163 752 2227 pecuniam
786 2163 1018 2223 auferet,
1064 2179 1186 2209 nam
1204 2179 1307 2224 per
1341 2171 1506 2209 totam
1546 2162 1776 2224 hyemem
1806 2163 1890 2207 illi
1922 2161 2212 2223 hospitium
2252 2161 2405 2208 exhi-

241 2255 355 2306 bere
381 2255 435 2300 in
461 2252 638 2307 animo
662 2260 751 2298 est.
844 2253 891 2297 T
885 2251 1082 2296 lz'ordus
1123 2251 1427 2312 respondit:
1471 2252 1573 2296 tali
1609 2268 1735 2297 sane
1777 2251 1927 2296 modo
1966 2250 2096 2296 milii
2110 2251 2404 2312 plurimum

238 2343 478 2400 inducere
499 2340 647 2401 vales,
660 2339 911 2403 periculi,
935 2335 986 2384 8<
1015 2355 1169 2401 qvam
1187 2340 1412 2387 maxime
1436 2340 1532 2386 lzoc
1555 2349 1631 2387 est
1662 2349 1846 2386 contra
1870 2355 2038 2384 meam
2067 2341 2403 2398 voluntatem,

238 2432 372 2502 qvod
392 2430 543 2476 homo
579 2436 729 2475 tanto
764 2428 1060 2489 infortunio
1097 2428 1388 2491 implicitus
1423 2428 1508 2475 liic
1542 2437 1826 2476 remaneat.
1851 2423 1860 2431 ’
1905 2430 2096 2486 Tamen
2125 2430 2404 2490 Tliorotfus

233 2535 332 2582 per
354 2492 602 2603 hyemem
644 2501 715 2562 ibi
757 2515 1192 2563 commorabatur.
1287 2517 1406 2563 Hoc
1435 2519 1510 2564 ad
1535 2507 1891 2582 Ingjaldum,
1922 2519 2223 2579 cuifratris
2251 2519 2405 2565 occisi

243 2599 432 2677 caussa
453 2623 554 2668 per
558 2606 830 2668 seqvenda,
866 2606 1101 2652 delatum
1131 2614 1219 2652 est.
1302 2607 1486 2669 Itaqve
1516 2608 1607 2654 sub
1625 2607 1789 2669 finem
1822 2608 2022 2670 hyemis
2053 2610 2126 2653 ad
2151 2608 2405 2654 interiora

246 2693 486 2761 Vetilium
509 2693 583 2740 ire
601 2702 772 2755 parat
778 2710 797 2749 ,-
816 2695 1088 2756 'scapham
1106 2696 1310 2758 itaqve,
1354 2711 1465 2758 qvoe
1490 2697 1596 2758 ipsi
1618 2707 1771 2756 esset,
1826 2709 1939 2743 cum
1960 2698 2078 2744 XII
2095 2697 2407 2754 conscendit,

243 2779 300 2829 δε
329 2783 705 2830 vehementiore
723 2783 935 2842 ferente
972 2800 1134 2831 cauro
1169 2785 1223 2830 in
1259 2786 1391 2830 ostio
1421 2784 1869 2846 «fluminis-‘'Laxd
1909 2803 2118 2848 vespere
2161 2785 2374 2847 adpulit
2386 2803 2403 2845 ,-

216 2874 219 2877 “
245 2872 446 2934 scapha
479 2871 732 2918 subducta
774 2874 948 2918 eodem
970 2889 1180 2935 vespere
1203 2875 1580 2921 Godda‘stados
1599 2884 1910 2937 perventum
1945 2883 2046 2934 est,
2104 2891 2194 2920 neo
2224 2875 2404 2937 inopi-

246 2960 620 3024 natoqvidem,
656 2959 871 3023 benigne
897 2969 1070 3009 tamen
1094 2964 1294 3027 excepti
1321 2971 1457 3009 sunt.
1530 2964 1810 3027 Ingjaldus
1840 2965 2099 3010 leordum
2130 2966 2205 3010 ad
2233 2980 2403 3010 secre-

248 3057 356 3094 tum
375 3049 682 3110 colloqvium
712 3051 948 3098 evocavit
972 3060 1125 3115 atqve
1151 3052 1287 3099 dixit
1306 3053 1566 3116 negotium
1584 3062 1812 3116 propter
1835 3055 1968 3117 qvod
1987 3055 2206 3102 venisset
2219 3071 2236 3117 ,-
2281 3070 2405 3099 nam

247 3137 565 3202 comperisse·
587 3153 639 3182 se
672 3138 977 3199 Thoroffzcln
989 3141 1195 3200 fratris
1220 3142 1302 3187 sui
1324 3142 1704 3203 interfectorem
1736 3142 1806 3189 ihi
1828 3123 2153 3192 commorari.
2234 3143 2402 3191 Thor-

2030 3223 2184 3282 F2'
