2956 3854
558 410 869 472 idoneum
909 428 1046 470 esse
1088 404 1587 468 existimavimus
1636 399 1916 480 efficere,
1994 415 2066 464 ut
2108 401 2403 465 historia·
2427 407 2686 489 optimae

556 524 727 570 notae
768 506 848 567 de
900 504 1352 587 antiqvissimis
1391 498 1681 561 Islandiae
1728 500 1920 561 rebus
1960 497 2274 562 islandice
2316 501 2689 587 promulga-

554 621 753 681 retur,
799 618 986 685 atqve
1024 599 1342 661 latinitate
1389 596 1634 658 donata
1671 598 1824 660 viris
1871 595 2080 661 doctis
2127 612 2484 661 exterarum
2531 621 2688 681 qvo-

552 723 676 781 qve
717 701 1006 786 gentium
1042 711 1310 784 pateret
1547 759 1557 780 s

815 799 1101 858 Pertinet
1130 810 1373 877 nempe
1411 765 1684 853 historia
1727 768 1951 854 nostra
1992 778 2098 854 ad
2113 792 2385 856 classem
2422 798 2689 856 istarum

549 897 1025 971 narrationum,
1114 912 1247 976 qvae
1296 891 1430 952 fata
1478 891 1683 975 gentis
1735 887 2070 971 cujusdam
2118 891 2447 953 islandicae
2487 913 2689 975 expo-

549 991 768 1055 nendo
815 1012 954 1052 non
992 990 1205 1052 solum
1247 990 1760 1072 antiqvissimum
1790 982 2206 1066 reipublicae,
2270 1011 2405 1072 qvae
2450 992 2519 1048 in
2563 989 2690 1049 hac

548 1090 760 1152 insula
803 1090 1036 1173 viguit,
1110 1100 1347 1149 statum
1388 1087 1644 1172 egregie
1691 1084 1993 1163 illustrat,
2054 1085 2170 1147 sed
2216 1106 2468 1169 qvoqve
2512 1083 2689 1167 velut

547 1192 619 1248 in
681 1185 949 1272 speculo
1008 1196 1358 1262 monstrat,
1441 1183 1643 1266 qvalis
1713 1185 1874 1247 vitaess.
1923 1186 1995 1245 in
2052 1197 2191 1246 tosta
2246 1176 2689 1267 septentrione

549 1306 696 1347 cum
737 1282 1015 1365 publicae
1059 1298 1197 1345 tum
1240 1284 1506 1366 privatae
1545 1280 1739 1344 fuerit
1774 1302 2001 1359 usim,
2065 1296 2408 1367 anteqvam
2457 1281 2686 1434 religio

548 1382 902 1482 christiana
919 1386 1135 1442 nova}
1151 1383 1463 1441 instituta
1492 1397 1830 1489 novosqve
1875 1381 2231 1442 induceret
2248 1383 2514 1443 more&

743 1477 1150 1539 Habitavit
1186 1478 1331 1536 ista
1357 1473 1610 1536 familia
1654 1479 1727 1533 in
1768 1489 1983 1557 parte
1999 1475 2230 1536 msulae
2275 1477 2697 1555 occidentalr

543 1579 615 1635 in
677 1572 860 1638 valle
920 1571 1227 1656 qvodam
1260 1573 1471 1653 juxta
1503 1571 1773 1647 fluvium
1840 1571 1927 1633 ob
2001 1573 2264 1655 copiam
2323 1571 2740 1636 salmonum.

542 1675 722 1734 Laxa
764 1676 1245 1756 nuncupatum,
1292 1670 1474 1734 hinc
1485 1673 1770 1734 nomine
1806 1667 2320 1733 Laxdaelensium
2363 1671 2695 1758 insignita

546 1772 761 1833 Cardo
822 1772 1222 1832 narrationis
1276 1772 1451 1832 circa
1509 1771 1795 1833 Olavum
1844 1770 2236 1847 Pavonem,
2289 1766 2537 1831 filium
2549 1772 2695 1852 ejus

543 1869 956 1946 Kiartanum,
1018 1869 1493 1954 nutriciumqve
1535 1867 1846 1931 ΒοΠιιιιιι
1859 1869 2156 1953 inprimis
2193 1882 2515 1944 versatum
2554 1870 2694 1954 οἷν-ι’·

548 1966 805 2051 qvidem
847 1988 940 2028 ea
991 1968 1350 2030 floruerunt
1401 1982 1617 2046 aetate,
1699 1971 1858 2051 qva
1847 1987 2067 2029 sacra
2119 1965 2472 2029 christiana
2522 1970 2694 2030 inter·

541 2065 832 2126 Islandos
881 2067 1269 2126 auctoritate
1309 2065 1580 2147 publica
1615 2063 2200 2147 fuerunt'recepta.
2269 2065 2275 2071 ’
2324 2067 2549 2147 Neqve
2593 2079 2690 2128 ta-

539 2183 692 2222 men
748 2164 818 2219 in
863 2163 1024 2221 vitis
1056 2159 1300 2219 horum
1344 2162 1636 2221 virorum
1680 2160 2125 2220 describendis
2166 2159 2524 2223 absolvitur
2572 2183 2692 2227 vo·

543 2258 793 2333 lumen,
853 2254 970 2317 sed
1006 2276 1128 2339 pro
1168 2270 1351 2317 more
1390 2253 1795 2316 Islandorum
1839 2253 2036 2316 solito
2076 2255 2437 2354 regreditur
2475 2263 2687 2321 oratio

546 2349 631 2418 ad
668 2357 913 2458 primos
955 2353 1203 2415 insulae
1223 2367 1688 2436 occupatores,
1723 2371 2077 2435 eorumqve
2114 2367 2445 2434 parenteS,
2497 2368 2687 2439 atqve

541 2452 745 2516 haud·
760 2449 975 2537 pauca
1021 2453 1102 2514 de
1140 2451 1323 2514 hisce
1362 2465 1594 2513 notatu
1633 2447 2011 2535 dignissima
2049 2447 2247 2510 affert.
2307 2451 2692 2524 Postulavit

546 2553 825 2635 desuper
881 2552 1270 2614 narrationis
1326 2565 1548 2627 tenor,
1626 2546 1944 2610 Kiartano
2000 2567 2039 2609 a
2082 2545 2291 2609 Bollio
2344 2549 2429 2611 ob
2475 2549 2693 2615 infau-

545 2667 677 2713 stos
726 2647 1053 2712 Gudrunae
1102 2669 1357 2710 amores
1397 2649 1780 2726 interemto,
1861 2659 1936 2707 ut
1973 2643 2530 2711 simultatesinde
2577 2670 2686 2714 ex·

550 2766 700 2812 ortae
729 2746 924 2831 »atqve
963 2747 1262 2823 ultiones
1296 2746 1451 2808 hinc
1495 2744 1677 2808 illinc
1721 2739 1946 2817 sumtae
1995 2742 2226 2806 ordine
2278 2763 2682 2830 exponeren-

544 2864 663 2909 tur.
753 2850 847 2905 Ita
891 2845 975 2906 ad
1013 2860 1408 2908 senectutem
1452 2865 1653 2928 usqve
1700 2842 2027 2906 Gudrunae
2068 2856 2132 2904 et
2173 2841 2684 2910 famam‘floren-

548 2961 678 3007 tem
714 2942 856 3019 filii,
927 2965 1114 3026 qvem
1154 2965 1232 3007 ex
1269 2942 1477 3006 Bollio
1519 2946 1919 3025 susceperat,
1987 2938 2329 3004 deducitur
2370 2947 2677 3022 narratio,

548 3047 710 3107 vitas
770 3055 1035 3122 septem
1101 3045 1593 3127 generationum
1657 3039 2030 3124 complexa,
2130 3062 2396 3125 qvarum
2465 3058 2680 3108 autem

549 3164 687 3210 non
730 3140 857 3202 nisi
898 3139 1169 3221 qvatuor
1205 3143 1599 3223 posteriores
1646 3138 1912 3202 uberius
1945 3137 2372 3202 illustrantur.
