2956 3854
1345 237 1385 293 5

273 429 370 465 nec
387 418 701 478 magnatum
722 408 917 477 aliquis
937 408 993 458 in
1014 404 1292 471 Norvagia
1312 405 1592 455 subsistere
1605 415 1842 471 potuere,
1880 409 1985 459 nisi
2013 411 2105 460 ille
2127 414 2268 462 solus
2288 415 2476 469 hono-f

275 520 394 556 rum
427 511 560 552 esset
590 501 805 550 arbiter.
887 499 1012 549 Cum
1044 506 1222 547 autem
1238 496 1471 545 Ketillus
1500 495 1714 545 audiret
1742 501 1960 549 eandem
1995 501 2096 550 sibi
2136 513 2292 569 atqve
2331 507 2460 554 aliis

276 592 621 658 magnatibus
653 591 722 640 ab
741 589 1000 638 Haraldo
1032 586 1382 638 conditionem
1405 585 1638 650 parari:
1689 596 1750 634 ut
1772 599 2115 653 cognatorum
2157 595 2322 643 coedes
2356 613 2462 644 non

274 676 692 748 expiarentur&
713 679 827 745 ipse
847 688 1024 727 tamen
1047 677 1405 742 subjiceretur,
1434 676 1861 743 propinqvorum
1882 691 2137 729 conventu
2160 695 2463 749 convocato,

279 773 358 821 ita
386 786 602 820 exorsus
630 779 722 819 est.
791 771 937 819 Nota
959 778 1045 818 est·
1056 767 1203 819 vobis
1218 767 1466 815 Haraldi
1484 783 1612 832 erga
1636 784 1732 817 nos
1747 770 2071 833 procedendi
2098 772 2268 834 ratio,
2305 791 2464 839 neqve

274 876 411 927 opus
430 869 510 908 est
533 842 751 924 eandem
769 868 1025 922 repetere,
1058 858 1309 924 graviore
1327 866 1596 922 premente
1618 859 1926 908 necessitate
1947 860 2184 915 evitandi
2209 863 2465 911 instantis

270 950 504 1017 periculi
513 967 532 1014 ,-
567 951 702 997 satis
733 958 1069 1013 compertum*
1087 948 1253 996 liabeo
1289 948 1428 1012 regis
1456 948 1702 1018 Haraldi
1723 948 1780 995 in
1805 965 1899 995 nos
1924 949 2126 1011 odium,
2179 968 2271 998 nec
2292 954 2464 1000 multa

272 1041 410 1095 mihi
430 1039 498 1089 ab
521 1057 579 1087 eo
601 1041 809 1090 uidetur
828 1037 1052 1086 subsidii
1074 1054 1223 1102 spes»,
1259 1038 1395 1085 duas
1421 1037 1914 1102 igiturconditiones
1938 1040 2086 1087 nobis
2108 1050 2312 1089 restare
2342 1059 2464 1090 sen-

278 1131 379 1179 tio:
416 1137 514 1176 aut
539 1127 596 1175 in
625 1128 842 1176 exilium
875 1128 1057 1189 e'undi,
1092 1135 1191 1176 aut
1218 1127 1275 1175 in
1306 1144 1400 1176 suo
1421 1145 1660 1194 qvemqve
1680 1129 1793 1176 loco
1815 1128 2149 1192 interfectum
2172 1111 2242 1178 iri
2250 1147 2267 1193 ,-
2304 1132 2465 1181 etiam

270 1221 372 1287 Ιιρσ
392 1217 565 1283 magis
589 1219 776 1267 swadet
810 1219 1021 1266 animus
1050 1226 1111 1266 ut
1139 1220 1358 1266 eandem
1388 1236 1542 1284 qvam
1563 1218 1742 1267 caeteri
1761 1219 1863 1267 mei
1888 1219 2103 1284 cognati
2120 1229 2339 1268 mortem
2372 1239 2466 1270 su·-

277 1309 449 1371 beam,
486 1308 609 1357 nolo
633 1317 809 1356 tamen
830 1306 1117 1356 insolentid
1137 1306 1254 1356 med
1278 1325 1370 1358 vos
1394 1317 1546 1357 tanto
1557 1310 1801 1374 periculo
1823 1310 2125 1374 implicare,
2171 1312 2294 1360 novi
2330 1312 2466 1360 enim

269 1399 694 1466 propinqvorum
718 1407 876 1462 atqve
900 1399 1190 1465 amicorum
1212 1415 1445 1446 meorum
1468 1399 1722 1459 animum,
1749 1415 1937 1463 vosqve
1962 1416 2042 1447 me
2061 1400 2225 1448 etiam
2251 1402 2306 1449 in
2329 1419 2465 1451 non-

277 1490 427 1538 nullo
444 1488 688 1553 periculo
714 1484 866 1535 haud
880 1489 1192 1536 deserturos.
1247 1488 1434 1550 .ijrn
1446 1487 1637 1535 Ketilli
1643 1486 1800 1549 filius
1821 1488 1899 1535 ita
1923 1490 2289 1552 respondebat.
2353 1492 2465 1539 Cito

275 1594 370 1644 ego
382 1594 551 1630 meam
566 1578 881 1624 sententiam
899 1576 1172 1636 revelab05
1195 1593 1286 1640 ego
1299 1577 1436 1637 enim
1453 1575 1710 1623 nobilium
1728 1577 1963 1624 virorum
1981 1579 2221 1642 exempla
2241 1596 2467 1644 sequens,

277 1670 417 1723 [hanc
439 1654 637 1717 terram
655 1666 977 1729 relinqvam,
1003 1682 1095 1712 nec
1111 1647 1330 1713 honoris
1350 1664 1723 1712 incrementum
1745 1665 1866 1713 inde
1882 1682 1963 1714 me
1980 1677 2318 1731 accepturum
2330 1678 2468 1732 puto

277 1736 324 1808 si
346 1757 510 1822 Regis
532 1756 779 1805 Haraldi
801 1770 978 1804 servos
1001 1755 1143 1803 domi
1164 1763 1480 1820 exspectem,
1543 1755 1725 1819 illiqve
1758 1772 1855 1803 nos
1886 1773 1921 1804 a
1945 1758 2142 1805 nostris
2168 1760 2467 1822 possessio-

274 1843 867 1912 nibusprofligent,'aut
886 1861 982 1894 nos
1004 1843 1072 1893 ab
1097 1845 1212 1892 illis
1234 1846 1395 1892 morti
1417 1845 1715 1894 tradamur.
1750 1846 1914 1894 Hanc
1933 1846 1988 1893 in
2008 1849 2321 1896 sententiam
2329 1851 2466 1913 plu-

276 1939 400 1996 rimi
391 1934 641 2002 'pedibus
665 1935 830 1993 ivere,
869 1935 1020 1999 idqve
1043 1935 1124 1983 uti
1149 1935 1322 1984 virum
1345 1937 1549 1983 deceret
1568 1933 1766 1982 dictum
1773 1936 2112 2000 judicarunt
2141 1947 2297 2002 atqve
2324 1940 2468 1986 istud

279 2028 558 2078 consilium
580 2025 730 2075 exilii
753 2024 1008 2075 subeundi
1029 2033 1295 2088 receptum
1316 2032 1408 2084 est,
1435 2024 1628 2073 Ketilli
1639 2023 1780 2085 filiis
1800 2026 2024 2074 multum
2037 2027 2467 2089 adhortantibus,

280 2134 374 2168 nec
392 2118 504 2165 ullo
526 2114 815 2163 resistente.
861 2115 1031 2178 Bjo'rn
1056 2121 1107 2160 et
1124 2109 1355 2177 Helgius
1376 2112 1679 2160 Islandiam
1693 2115 1982 2175 petendam
2000 2126 2325 2178 censuerunt,
2347 2117 2468 2166 inde

281 2207 419 2257 enim
441 2206 613 2253 multa
639 2205 768 2251 loeta
796 2219 905 2251 sese
927 2202 1205 2250 exaudisse
1222 2202 1500 2250 dixerunt:
1534 2210 1691 2249 terrae
1710 2202 1848 2250 enim
1869 2203 2098 2252 indolem
2122 2205 2312 2253 bonam
2339 2224 2461 2267 esse,

280 2313 373 2345 nec
403 2309 536 2359 opus
565 2293 776 2341 emendo
793 2291 994 2355 pecori,
1023 2291 1334 2357 freqiaeentes
1361 2290 1583 2340 balenas
1602 2291 1657 2339 in
1687 2301 1884 2341 terram
1899 2296 2154 2360 propelli,
2174 2305 2225 2344 et
2245 2300 2464 2361 captari

280 2385 571 2445 salmones,
620 2382 761 2454 omni
791 2398 913 2431 vero
946 2382 1080 2429 anni
1114 2390 1347 2447 tempore
1372 2381 1446 2430 ibi
1471 2391 1756 2447 capturam
1783 2401 1891 2432 esse
1902 2385 2149 2450 piscium.
2230 2388 2464 2435 Ketillus

277 2475 444 2526 dixit:
459 2471 762 2538 piscatoria
773 2471 887 2519 Izoec
902 2473 1019 2520 loca
1036 2489 1303 2538 nunqvam
1313 2489 1420 2536 ego,
1435 2474 1521 2539 qvi
1535 2482 1693 2521 aetate
1708 2475 1785 2521 ita
1801 2475 1899 2522 sim
1905 2485 2206 2539 provectus,
2221 2477 2463 2526 invisam.

278 2566 347 2614 Id
369 2563 468 2611 sibi
498 2564 552 2611 in
575 2563 754 2610 animo
777 2579 882 2610 esse
902 2563 1136 2613 Ketillus
1162 2563 1476 2627 affirmavit:
1519 2564 1704 2628 potius
1727 2565 2078 2615 occidentalia
2099 2567 2275 2615 maria
2295 2585 2466 2631 pera-

274 2670 463 2720 grare,
508 2653 591 2701 ‘ibi
604 2653 740 2703 enim
763 2650 886 2700 bene
915 2669 1047 2716 esse,
1093 2661 1345 2719 notasqve
1369 2651 1470 2702 sibi
1487 2655 1760 2719 plurimas
1795 2657 2054 2722 regiones,
2101 2674 2216 2707 cum
2250 2674 2312 2706 ea
2345 2658 2463 2705 loca

281 2744 390 2805 late
413 2729 579 2802 armis
605 2743 926 2807 infestasset.

1195 2873 1372 2943 CAP.
1425 2841 1545 2946 ΠΙ.

499 2981 760 3074 Postea
784 3014 1020 3066 Ketillus
1052 3032 1304 3081 magnum
1341 3017 1577 3066 instituit
1613 3016 1934 3076 convivium,
1987 3026 2039 3066 et
2067 3017 2250 3082 filiam
2311 3036 2462 3069 suam

285 3067 626 3154 Thorunnam
643 3108 898 3170 Hyrnam
918 3106 1114 3172 Helgio
1140 3108 1337 3172 Magro
1365 3109 1419 3156 in
1444 3107 1841 3156 matrimonium
1861 3109 2021 3169 dedit,
2045 3111 2126 3157 uti
2154 3120 2315 3158 antea
2346 3113 2461 3158 dic-

278 3203 391 3267 tum
416 3203 508 3245 est.
597 3195 727 3245 Tum
749 3197 982 3248 Ketillus
1016 3199 1118 3248 iter
1143 3215 1294 3249 suum
1330 3199 1386 3249 in
1412 3199 1734 3248 occidentale
1754 3214 1902 3246 mare
1922 3207 2128 3264 parat.
2190 3201 2338 3248 Filia
2362 3218 2459 3248 sua
