2956 3854
1349 211 1433 273 79

320 381 514 431 Olavus
534 378 630 427 hoc
636 378 781 443 juris
805 378 1095 427 habendum
1116 378 1428 441 affirmavit,
1476 377 1522 422 si
1541 378 1912 425 mercatoribus
1936 380 2112 426 nullus
2141 389 2267 426 esset
2290 382 2457 427 inter-
2526 416 2532 420 -

306 485 431 532 pres
439 486 457 529 ,-
492 485 582 531 ego
603 484 722 516 vero
744 469 840 515 lzoc
863 468 1005 534 vobis
1030 482 1202 536 verum
1226 465 1483 526 confirmO,
1532 467 1665 527 qvod
1684 465 1740 511 lii
1771 467 2001 512 homines
2037 469 2118 513 nil
2131 468 2318 513 hostile
2341 485 2458 514 mo-

311 556 539 614 liuntur,
598 557 688 602 sed
722 564 895 602 tamen
931 553 1077 600 nullo
1108 553 1266 613 facto
1311 553 1502 600 virium
1534 554 1773 614 periculo
1820 570 1914 599 nos
1963 557 2142 601 dedere
2173 571 2368 617 parum
2402 557 2456 602 in

310 644 487 690 animo
508 647 619 689 est.'
664 641 890 689 Hiberni
927 648 1035 685 tum
1063 641 1340 688 classicum
1372 657 1582 698 canere,
1633 640 1688 686 in
1721 657 1910 703 aquam
1938 643 2132 703 egredi,
2182 645 2454 707 navimque

310 728 722 777 cumhominibus
738 728 1014 774 subducere
1035 729 1168 776 velle
1174 746 1194 790 >⁸
1229 745 1319 775 nec
1347 745 1483 791 aqva
1506 737 1623 774 erat
1641 729 1805 774 altior
1829 746 1981 791 qvam
2003 738 2060 774 ut
2072 739 2257 791 pectus
2280 731 2452 777 attin-

302 825 449 880 geret
466 824 562 862 aut
580 815 877 862 umbilicum
898 815 1303 878 procerioribus,
1340 818 1430 862 sed
1449 825 1620 862 tamen
1644 825 1759 863 erat
1781 818 1836 862 in
1861 835 1921 864 ea
1944 819 2152 872 lacuna,
2193 819 2276 862 cui
2300 818 2452 865 navis

307 903 607 963 innatabat,
629 907 768 965 aq'va
794 905 1058 962 tam‘alta,
1078 911 1137 948 ut
1147 890 1382 963 fundum
1406 905 1559 951 -haud
1571 906 1867 967 attingeret.
1922 906 2048 950 Tum
2073 905 2269 963 Olavus
2287 906 2451 950 socios

305 1007 458 1038 arma
487 990 958 1052 arriperejubebat
981 999 1133 1052 atqve
1156 991 1291 1036 inter
1307 1006 1532 1051 proram
1555 1001 1604 1038 et
1621 987 1852 1054 puppim
1887 993 2016 1037 adeo
2046 993 2259 1049 densam
2288 992 2452 1036 aciem

305 1063 567 1135 instruxit,
589 1085 648 1122 ut
670 1077 844 1123 omnia
869 1078 1069 1139 clypeis
1095 1075 1450 1138 obtegerentur
1484 1088 1636 1141 utqve
1666 1080 1835 1125 lzastae
1875 1079 2050 1140 cuspis
2080 1080 2153 1123 ad
2182 1076 2452 1137 cujuslibet

304 1166 477 1228 clypei
500 1164 787 1225 marginem
801 1165 1137 1225 promineret.
1183 1151 1186 1153 ¹
1226 1165 1354 1210 Tum
1383 1167 1581 1212 Olavus
1620 1168 1674 1212 in
1701 1182 1926 1228 proram
1961 1168 2037 1211 ita
2059 1175 2297 1211 armatus
2312 1180 2451 1226 pro-

295 1250 660 1315 grediebatur:
695 1252 861 1297 lorica
890 1260 1006 1306 erat
1039 1252 1267 1311 indutus,
1296 1254 1457 1315 galea
1486 1253 1945 1315 capiteobaurata,
1973 1241 2261 1315 gladius-in
2278 1252 2449 1298 balteo

297 1338 573 1386 manubrio
598 1348 806 1395 aurato,
831 1339 1052 1385 'hastam
1087 1339 1362 1386 hamatam
1394 1357 1555 1386 manu
1582 1341 1808 1397 tenebat,
1830 1344 1834 1346 ’
1858 1326 1968 1403 quoe
2000 1360 2025 1387 e
2062 1343 2258 1387 tumulo
2283 1357 2447 1403 qvon-

301 1414 1126 1490 damfueratdesumta,cujusqve
1142 1428 1342 1472 lamina
1361 1436 1478 1472 erat
1498 1427 1617 1473 bene
1639 1430 1927 1489 exsculpta,
1950 1428 2106 1474 rubro
2119 1445 2224 1473 sese
2246 1427 2448 1488 tegebat

301 1514 483 1580 clypeo
502 1522 694 1559 aurato
734 1515 878 1560 leone
910 1515 1170 1560 distincto.
1266 1516 1374 1572 Qvo
1406 1516 1545 1561 omni
1591 1524 1868 1577 apparatu
1911 1525 2170 1577 comperto
2218 1515 2446 1560 Iliberni

299 1586 483 1654 timore
503 1602 746 1662 correpti,
775 1618 879 1647 non
899 1603 1028 1646 adeo
1036 1601 1262 1660 facilem
1286 1601 1358 1645 ibi
1379 1619 1534 1662 opum
1557 1611 1850 1663 capturam,
1876 1604 1956 1647 uti
1976 1602 2183 1662 opinati
2201 1601 2446 1658 fuerant,

294 1688 403 1742 iam
415 1687 832 1746 arbitrabantur,
833 1690 1046 1750 jamque
1073 1688 1274 1747 repulsi
1295 1688 1349 1732 in
1368 1703 1512 1750 pago
1532 1690 1753 1750 qvodam
1776 1688 2240 1750 congregabantur.
2319 1688 2365 1732 T
2361 1703 2446 1732 um

296 1773 352 1819 'in
383 1790 558 1820 eorum
587 1777 814 1821 exercitu
851 1790 1085 1821 murmur
1117 1774 1249 1820 oriri
1291 1783 1580 1837 certumqve
1615 1775 1822 1835 haberi,
1887 1777 2025 1822 lianc
2054 1775 2354 1836 praedator
2337 1791 2444 1819 iam

295 1846 413 1908 esse
420 1863 596 1910 navim
616 1860 666 1910 δε
688 1864 851 1909 multo
868 1865 1054 1927 plures
1065 1871 1254 1924 postea
1278 1866 1656 1924 expectandas,
1688 1865 1903 1926 jamqve
1928 1864 2038 1925 regi
2061 1855 2267 1908 mittere
2301 1878 2440 1907 nun-

295 1931 453 2011 tium,-
502 1950 558 1994 id
576 1951 898 2012 qvodsacile
920 1951 1100 2009 fiebat,
1139 1966 1251 1995 cum
1274 1966 1364 1996 rex
1391 1951 1539 1996 haud
1570 1953 1762 2012 procul
1792 1952 1910 1996 inde
1946 1951 2040 1996 abe
2071 1954 2162 2009 set,
2201 1948 2441 1996 convivia

288 2023 642 2097 freqventans.
714 2039 814 2084 Ille
845 2039 1025 2082 statim
1058 2037 1322 2082 hominum
1353 2039 1690 2083 multitudine
1725 2039 1956 2099 stipatus
1988 1966 2066 2100 Z
2095 2053 2207 2082 eum
2245 2037 2438 2093 locum,

294 2117 382 2167 ubi
403 2130 522 2166 erat
539 2124 706 2181 navic,
742 2140 973 2186 egressus
997 2131 1085 2170 est.
1156 2124 1259 2169 Ille
1285 2124 1442 2182 locus,
1461 2125 1548 2169 ubi
1570 2125 1722 2171 navis
1748 2124 1987 2181 natabat,
2012 2124 2160 2168 lzaud
2180 2140 2304 2168 sane
2323 2132 2440 2168 erat

295 2209 500 2272 longius
524 2227 556 2256 a
580 2219 720 2256 terra
745 2220 968 2257 remotus
988 2227 1139 2273 qvam
1165 2212 1242 2256 ita
1263 2220 1321 2255 ut
1344 2211 1429 2256 illi
1451 2212 1535 2272 qvi
1557 2212 1611 2255 in
1633 2220 1774 2256 terra
1799 2219 1961 2256 essent
1968 2211 2142 2270 facile
2163 2226 2275 2255 cum
2299 2226 2438 2255 nau-

294 2295 361 2339 tis
383 2296 540 2358 ¹loqvi
575 2306 805 2358 possent.
898 2298 1046 2357 Soepe
1078 2288 1306 2341 Hiberni
1328 2296 1447 2342 illos
1475 2298 1760 2343 missilibus
1799 2298 2034 2358 adgressi
2052 2298 2303 2356 fuerant,
2348 2312 2438 2343 nec

295 2381 491 2429 Olavus
514 2383 631 2431 inde
656 2385 822 2430 ullam
839 2393 1116 2444 acceperat
1138 2384 1352 2429 cladem.
1434 2385 1632 2432 Olavus
1658 2386 1735 2430 ita
1756 2393 2011 2443 armatus,
2035 2386 2114 2429 uti
2138 2386 2250 2444 jam
2274 2401 2437 2445 expo-

292 2459 503 2527 suimus,
525 2472 780 2531 vastabat,
826 2473 974 2534 idqve
1011 2471 1443 2529 admirabantur,
1476 2488 1628 2534 qvam
1662 2481 1919 2535 augustus
1953 2481 2084 2518 esset
2122 2473 2212 2518 ille
2243 2473 2323 2518 vir·
2352 2472 2437 2534 qvi

289 2554 445 2618 hujus
465 2559 619 2605 navis
637 2556 957 2621 gubernator
992 2568 1135 2605 esset.
1228 2560 1384 2605 Olavi
1415 2567 1589 2605 autem
1630 2562 1848 2607 navales
1884 2561 2035 2618 socii,
2094 2577 2207 2605 cum
2245 2560 2437 2605 multos

287 2639 480 2704 'eqvites
515 2655 728 2708 aspectu
774 2638 899 2692 sane
920 2647 1249 2706 fortissimos
1283 2649 1356 2691 ad
1390 2663 1443 2692 se
1483 2647 1599 2693 vehi
1622 2649 2115 2706 animadverterent,
2135 2648 2434 2703 conticuere,

284 2728 504 2778 multum
530 2735 665 2780 enim
701 2735 891 2781 virium
919 2735 1194 2782 discrimen
1232 2736 1396 2781 visum
1434 2743 1522 2780 est.
1604 2736 1718 2792 Qua
1757 2737 1818 2781 de
1848 2753 1903 2781 re
1939 2738 2136 2782 Olavus
2171 2750 2282 2780 cum
2318 2746 2435 2776 suos

283 2819 560 2867 mussitare
587 2823 819 2877 audiret,
856 2821 985 2867 bono
1011 2822 1325 2884 eosjubebat
1350 2839 1455 2867 esse
1478 2823 1682 2880 animo,
1715 2812 1835 2884 jam
1855 2824 1989 2868 enim
2021 2837 2234 2867 suarum
2263 2834 2435 2864 rerum

286 2902 463 2954 Iaetum
492 2926 600 2956 esse
631 2918 911 2972 aspectum.
955 2966 958 2967 ⁷
990 2910 1117 2955 Tum
1137 2910 1363 2961 Hiberni
1383 2926 1550 2971 regem
1574 2925 1722 2954 suum
1756 2911 2188 2972 Myrkjartanum
2221 2908 2436 2952 saluta—

290 2989 445 3038 bant.v
505 2998 734 3044 'Deinde
777 2999 968 3061 eqvites
1011 3006 1217 3044 tantum
1261 2999 1387 3045 navi
1432 2997 1937 3059 appropinqvabant
1975 3005 2033 3043 ut
2064 2997 2266 3059 utriqve
2317 3008 2435 3039 suos

271 3076 508 3128 invicem
531 3100 782 3135 sermones
795 3087 1069 3149 percipere
1101 3088 1349 3135 valerent.
1434 3086 1547 3132 Rex
1567 3085 1796 3145 rogavit:
1847 3085 1947 3143 Qvi
1979 3086 2128 3132 lzomo
2160 3085 2297 3131 hanc
2332 3096 2436 3127 na-
