2956 3854
1258 258 1383 317 319

221 443 312 491 ego
334 442 454 473 ,vero
479 442 540 472 ne
567 434 882 488 segmentum
916 426 1116 490 qvidem
1143 424 1373 492 cubitale
1406 424 1521 471 illis
1549 426 1783 479 demam,
1833 439 1923 469 nec
1954 423 2087 472 milii
2113 440 2276 487 opera
2312 414 2405 470 nec

221 517 380 564 robur
405 516 568 562 deerit
593 519 666 562 ad
688 517 803 562 alia
826 517 972 579 ligna
999 515 1379 582 comparanda.
1459 515 1600 561 Tunc
1622 513 1895 576 respondit
1919 529 2008 559 rex
2023 522 2072 560 et
2095 515 2265 567 multa
2290 515 2410 578 qvi—

220 608 333 653 dem
349 623 461 652 cum
483 605 738 651 modestia
755 623 769 652 :
807 614 862 651 tu
891 622 1024 662 vero,
1047 605 1348 657 Thorkelle!
1385 605 1467 652 vir
1485 604 1666 667 magni
1692 619 1818 649 sane
1846 603 2208 660 (estimandus,
2233 621 2407 651 verum

218 694 397 757 &jam
421 695 614 742 videris
636 694 1042 756 animinimius5
1089 696 1239 743 haud
1250 695 1386 741 enim
1409 694 1738 756 colonifilius
1752 692 1890 739 citra
1913 694 2286 756 arrogantiam
2310 711 2411 741 no-

218 786 414 834 biscum
441 785 748 833 contendere
767 794 975 846 potest5
998 786 1239 832 idautem
1263 785 1412 831 haud
1438 802 1613 832 verum
1637 792 1729 841 est,
1766 799 1844 828 me
1873 782 1968 828 tibi
1994 784 2141 846 ligna
2165 785 2409 841 invidere,

217 876 264 923 si
283 874 379 921 tibi
392 887 458 920 exv
478 874 659 920 iisdem
675 875 927 938 templum
946 875 1208 936 aedificare
1223 875 1546 937 contingeret
1556 892 1574 934 ,-
1595 889 1856 936 nunqvam
1871 889 1989 920 vero
2003 874 2143 919 illud
2157 875 2410 937 templum

116 956 125 962 ”
167 978 172 982 ’
218 965 320 1012 erit
333 973 441 1011 tam
465 966 719 1027 amplum,
753 973 812 1011 ut
835 973 928 1011 tua
951 982 1008 1011 eo
1032 965 1281 1028 superbia
1309 964 1818 1027 comprehendatur5
1863 964 2116 1010 admeam
2147 980 2267 1011 vero
2283 964 2408 1026 opi-

217 1055 422 1103 nionem
438 1056 668 1118 propius
690 1057 921 1113 accedit,
958 1055 1144 1100 lzorum
1171 1055 1433 1117 lignorum
1458 1054 1608 1100 haud
1629 1053 1853 1098 multum
1881 1053 2197 1112 usumfore‚
2248 1070 2338 1100 nec
2362 1062 2409 1099 te

215 1145 503 1193 humanum
535 1144 778 1208 qvicqvid
809 1159 943 1205 opus
966 1144 1087 1189 inde
1119 1135 1492 1204 confecturum.
1558 1141 1807 1188 Postlzoec
1828 1141 2081 1204 colloquio
2107 1141 2262 1203 finito
2290 1143 2407 1187 dis-

218 1251 424 1282 cessere.
493 1234 701 1281 Deinde
726 1250 816 1280 rex
838 1232 977 1279 abiit
1000 1230 1049 1279 8<
1072 1240 1393 1297 compertum
1417 1232 1616 1296 qvidem
1642 1239 1745 1289 est,
1792 1247 1907 1277 eum
1933 1228 2082 1277 haud
2117 1249 2244 1278 sane
2263 1249 2404 1294 pro-

216 1326 391 1383 basse,
428 1319 564 1387 qvod
593 1321 902 1369 Thorkellus
935 1325 1210 1388 ejusjussa
1234 1324 1436 1370 nullius
1454 1323 1725 1385 penderet,
1763 1321 1864 1366 etsi
1887 1337 1977 1390 rex
1998 1321 2148 1367 haud
2179 1324 2404 1368 multum

218 1412 643 1473 talemre'velavit
664 1413 913 1459 animum.
989 1414 1121 1460 Inde
1147 1415 1314 1460 multo
1346 1430 1461 1459 cum
1487 1427 1670 1458 amore
1707 1411 2002 1457 discessere.
2094 1410 2406 1459 leorkellus

216 1503 391 1551 navim
414 1503 727 1561 conscendit,
751 1503 863 1549 vela
890 1504 1036 1549 dedit
1060 1505 1114 1550 in
1135 1505 1321 1563 altum,
1341 1504 1658 1566 secundoque
1680 1517 1803 1547 usus
1828 1510 1979 1548 vento
1995 1500 2133 1549 brevi
2158 1503 2258 1549 iter
2267 1519 2402 1565 per-

203 1594 356 1656 jecit.
434 1593 743 1640 Thorkellus
767 1594 891 1640 navi
913 1593 1323 1654 Hrutafio‘rdum
1345 1594 1572 1640 intravit
1582 1610 1601 1654 5
1641 1592 1762 1638 inde
1788 1592 2395 1655 domum—Helgajellum

214 1701 340 1748 eqvo
355 1683 591 1730 vehitur.·
617 1684 803 1728 Omnes
816 1683 963 1729 illius
975 1685 1208 1729 adventu
1232 1671 1566 1730 laetatisunt.
1608 1681 1845 1730 Multum
1864 1680 2281 1744 leorkelluslzoc
2306 1683 2402 1730 iti-

216 1790 338 1822 nere
356 1773 457 1819 sibi
473 1780 702 1819 <luxerat
721 1773 969 1834 gloriam.
1045 1774 1132 1819 Na
1144 1773 1242 1819 vim
1281 1773 1469 1820 deinde
1500 1772 1708 1820 curavit
1737 1770 2125 1817 subducendam
2155 1781 2310 1836 atqve
2347 1773 2401 1818 in

217 1854 385 1912 tutum
421 1853 790 1924 redigendam,
839 1844 1110 1926 lignaqee,
1159 1880 1268 1926 qvae
1298 1863 1482 1927 templi
1534 1861 1880 1924 oedificationi
1919 1870 2075 1907 erant
2113 1863 2400 1915 destinata,

218 1954 577 2002 custodienda.
639 1951 946 1998 leorkellus
971 1954 1074 1999 hac
1090 1952 2032 2018 hyemedomiremansitfamiliarem
2054 1968 2247 1998 curans
2277 1970 2399 1999 rem.

217 2044 384 2093 Multi
409 2043 559 2104 apud
579 2059 692 2087 eum
709 2044 898 2104 degere
921 2044 1186 2090 mortales.
1247 2043 1437 2089 Omnia
1465 2060 1526 2090 ea
1552 2043 1733 2106 hyeme
1756 2041 2031 2104 magnifice
2058 2041 2400 2089 instrueban-

219 2144 322 2193 tur,
359 2135 621 2180 Gudruna
657 2132 805 2193 haud
833 2135 1181 2189 adversante,
1238 2149 1415 2180 verum
1446 2150 1561 2179 eum
1603 2150 1709 2181 esse
1735 2132 1980 2195 pecuniae
2020 2148 2195 2190 usum,
2242 2140 2300 2178 ut
2331 2134 2419 2178 ad

216 2225 450 2289 homines
477 2223 713 2289 illustres
748 2225 1038 2269 reddendos
1070 2222 1410 2269 adhiberetur
1449 2223 1822 2284 conflrmante3
1881 2239 2005 2268 nam
2042 2222 2153 2267 illoe
2185 2230 2403 2283 paratoe

216 2329 418 2377 semper
444 2313 641 2376 qoidetn
661 2323 815 2359 erant
837 2331 917 2359 res
929 2349 944 2372 ,
990 2331 1098 2377 qvce
1134 2331 1167 2360 a
1195 2315 1455 2360 Gudruna
1489 2316 1563 2359 ad
1594 2322 1796 2359 sumtus
1829 2312 2276 2374 magnificentiam
2317 2330 2403 2358 re-

215 2403 570 2469 qvirebantur.
642 2405 724 2450 Ea
748 2405 927 2467 hyeme
960 2406 1005 2451 T
1001 2405 1267 2451 horkellus
1284 2398 1493 2450 'multas
1519 2421 1599 2450 res
1619 2404 1912 2466 pretiosas,
1950 2420 2074 2467 qvas
2099 2416 2268 2448 secum
2300 2404 2405 2448 ad—

218 2502 447 2551 vexerat,
481 2494 666 2540 amicis
687 2495 795 2540 suis
821 2495 1121 2557 impertitus
1143 2503 1234 2542 est.

1063 2656 1239 2714 CAP.
1307 2657 1560 2715 LXXV.

485 2739 636 2810 Post
658 2764 814 2828 hujus
850 2765 1050 2827 hyemis
1095 2767 1302 2827 julense
1329 2767 1560 2829 festum,
1618 2765 1928 2813 Thorkellus
1963 2765 2114 2810 domo
2129 2761 2406 2824 profectus

221 2854 465 2906 borealia
509 2871 685 2901 versus
731 2857 786 2902 in
835 2839 1277 2919 Hrutafib'rdum‚
1326 2865 1385 2904 ut
1425 2857 1545 2906 inde
1579 2874 1676 2903 sua
1716 2863 2038 2918 apportaret
2090 2853 2266 2914 ligna5
2333 2852 2407 2896 ad

222 2944 480 2991 interiora
509 2945 775 2992 Dalorum
813 2963 940 3010 eqvo
977 2949 1214 3009 primum
1254 2948 1486 3007 vehitur,
1519 2948 1640 2994 inde
1673 2946 1996 3006 Liarskogos
2019 2944 2091 2988 ad
2128 2950 2408 3003 cognatum

221 3027 371 3081 suum
399 3015 792 3092 leorsteinutn,
841 3045 897 3082 ut
919 3038 1018 3083 sibi
1039 3038 1274 3086 homines
1304 3056 1368 3085 ac
1393 3051 1539 3102 e'qvos
1563 3042 1914 3099 compararet.
2005 3033 2138 3079 Inde
2169 3031 2406 3078 borealia

225 3141 404 3172 versus
428 3126 502 3170 ad
523 3126 931 3187 [iratafi'ordum
956 3128 1031 3174 ire
1046 3131 1230 3193 pergit
1258 3127 1306 3176 8<
1333 3130 1662 3192 aliqvantum
1685 3125 1932 3188 temporis
1952 3123 2041 3169 'ibi
2059 3130 2296 3168 moratus
2316 3130 2408 3178 est,

210 3217 464 3277 futurum
488 3216 587 3261 iter
622 3217 901 3264 instruens.
939 3218 1022 3265 Ibi
1038 3221 1090 3267 in
1102 3238 1250 3286 pago
1267 3239 1298 3268 a
1325 3221 1443 3267 sinu
1467 3219 1802 3266 denominato
1815 3232 1965 3281 equos
1987 3213 2213 3277 collegit,
2235 3212 2408 3259 noluit
