2956 3854
1320 235 1402 294 99

277 401 384 449 veri
408 396 617 448 divinat
646 391 878 460 animus,
926 402 1022 447 lzoc
1041 409 1218 446 ratum
1239 399 1368 459 fore
1400 407 1575 446 votum
1605 417 1784 464 spero,
1833 403 2076 468 'illiusqve
2106 420 2290 451 nomen
2328 413 2454 467 post

272 492 442 538 multa
472 500 708 554 tempora
735 493 941 538 illustre
956 489 1219 550 futurum.
1312 489 1454 534 Uxor
1480 490 1722 536 Jorunna
1756 493 1915 539 dixit:
1974 503 2096 541 sunt
2129 495 2250 541 liuic
2286 509 2451 540 servae

269 580 382 641 filio
403 589 570 627 tantae
592 598 731 643 opes,
758 589 818 640 ut
835 578 1158 639 illustrefiat
1177 594 1360 625 nomen
1376 576 1401 623 Ρ
1434 579 1627 625 Eodem
1654 589 1882 642 tempore
1913 584 2132 639 accidit,
2165 591 2224 629 ut
2246 583 2449 644 famuli

275 671 521 716 sarcinas
551 669 626 714 ab
667 668 807 730 eqvis
850 668 1097 714 tollerent
1141 677 1296 732 atqve
1331 667 1530 714 Olavus
1578 670 1652 714 ad
1683 670 1869 715 villam
1900 674 2215 735 perveniret.
2307 673 2456 719 Tunc·

283 735 508 805 Olavus}
555 754 709 826 Nunc
741 755 1037 803 hominibus
1063 758 1283 803 curiosis
1313 757 1559 817 satisfiet,
1599 759 1754 804 multi
1791 759 1927 805 enim
1959 759 2062 806 hac
2092 761 2273 823 hyeme
2305 763 2366 806 de
2392 777 2447 806 eo

263 845 424 909 fuere
453 862 726 904 sermones,
754 845 1014 909 qvodn'am
1043 847 1165 892 huic
1190 846 1336 894 villa>
1364 847 1609 906 futurum
1642 856 1775 893 esset
1808 864 2005 894 nomen.
2114 849 2450 911 Hjardaliolt

276 912 636 998 (Gregicollis)
663 942 901 994 vocetur5
947 934 1252 982 conveniens
1285 935 1382 980 hoc
1411 935 1578 981 visum
1600 940 1808 991 nomen,
1868 935 1934 981 ab
1985 937 2075 995 iis,
2117 954 2228 1000 qvoe
2263 937 2449 984 ibidem

278 1022 755 1071 evenerant'rebus.
787 1018 791 1021 ’
841 1023 964 1069 Jam
1002 1023 1200 1068 Olavus
1233 1023 1623 1081 fljardarlzolti
1667 1025 2001 1070 domesticam
2041 1041 2147 1071 rem
2185 1025 2477 1071 instruxits

278 1111 570 1174 Iksagnifica
604 1111 701 1156 illa
730 1109 1076 1170 brevifacta,
1124 1110 1325 1156 nullius
1351 1111 1485 1156 enim
1518 1120 1635 1157 erat
1682 1112 1866 1174 inopia
1905 1112 1993 1159 rei.
2101 1114 2254 1159 Nunc
2294 1114 2450 1161 Olavi

275 1201 497 1250 multum
522 1208 681 1245 aucta
704 1197 1039 1257 existimatio,
1077 1198 1135 1244 ob
1161 1198 1360 1244 multas
1380 1200 1580 1262 qvidem
1605 1216 1708 1258 res,
1748 1200 1892 1260 felix
1922 1202 2057 1247 enim
2089 1204 2186 1248 Οἷα
2197 1219 2286 1249 vus
2311 1202 2451 1248 ami-

275 1288 420 1348 citia,
452 1305 576 1335 nam
599 1288 794 1351 sicujus
813 1288 1039 1334 hominis
1064 1301 1306 1334 caussam
1331 1298 1534 1350 eparte
1557 1290 1799 1351 suscepit,
1838 1298 1960 1335 tunc
1984 1280 2195 1353 'qvilibet
2213 1309 2308 1337 sua
2336 1299 2451 1338 erat

277 1380 417 1424 sorte
442 1386 741 1437 contentus,
766 1386 930 1440 pater
965 1379 1125 1424 etiam
1145 1386 1346 1439 augere>
1364 1378 1448 1422 illi
1481 1379 1792 1440 dignitatem
1825 1381 2042 1438 studuit,
2065 1380 2302 1442 affi'nitas
2325 1397 2453 1443 qvo—

278 1484 371 1531 qve
398 1467 882 1530 Myramannorum
918 1469 1075 1514 Olavi
1112 1472 1433 1529 potestatem
1478 1469 1700 1513 multum
1742 1466 2087 1531 suffulciebat.
2190 1469 2455 1516 Hoskuldi

265 1555 508 1617 filiorum
536 1557 735 1603 Olavus
742 1557 1172 1619 generosissimus
1196 1555 1423 1601 habitus.
1493 1557 1679 1602 Prima
1704 1557 1900 1618 hyeme,
1922 1574 2020 1620 qva
2050 1560 2248 1605 Olavus
2278 1559 2456 1620 Hjar-

279 1645 521 1701 darliolti
533 1645 832 1702 habitabat,
850 1644 1006 1690 multi
1031 1644 1500 1706 illisamuliatqve
1525 1645 1773 1706 operarii.
1809 1646 2114 1692 Domestica
2141 1662 2302 1709 opera
2323 1648 2458 1701 inter

264 1713 607 1796 famulitium
632 1732 824 1790 divisa,
853 1733 947 1779 uni
969 1749 1096 1779 cura
1130 1732 1280 1778 boum
1315 1741 1668 1779 castratorum
1690 1735 1851 1780 alteri
1865 1751 2173 1795 vaccarum,-
2203 1735 2369 1782 bovile
2403 1736 2458 1781 in

280 1823 482 1886 sylvaa
508 1823 640 1870 villa
664 1839 767 1868 non
793 1822 935 1868 nihil
956 1831 1222 1868 remotum.
1284 1823 1512 1884 Vespere
1538 1825 1760 1885 qvodam
1782 1825 2021 1870 convenit
2038 1827 2262 1873 Olavum
2288 1834 2459 1872 custos

282 1901 448 1971 boum,
461 1897 673 1973 rogans,
688 1920 746 1958 ut
760 1912 861 1958 alii
883 1912 1092 1958 cuidam
1109 1911 1309 1958 homini
1326 1911 1475 1957 boum
1491 1904 1783 1958 custodiam
1798 1914 2079 1975 delegaret,
2097 1914 2194 1959 sibi
2207 1932 2324 1961 vero
2347 1915 2458 1959 ali-

285 2003 420 2065 q'vod
440 2002 595 2047 aliud
613 2000 847 2062 officium.
889 2001 1089 2047 Olavus
1115 2000 1251 2045 dixit
1265 2001 1494 2061 :placet,
1518 2010 1576 2046 ut
1602 2010 1657 2045 tu
1683 2002 1896 2047 solitum
1924 2002 2018 2047 tibi
2044 2020 2175 2064 opus
2197 2003 2372 2048 adhuc
2402 2002 2456 2048 in

268 2093 524 2153 futurum
547 2089 902 2135 administres.
929 2112 932 2116 v
974 2090 1077 2136 Ille
1089 2089 1274 2150 potius
1298 2088 1444 2133 abire
1474 2105 1526 2134 se
1547 2090 1679 2135 velle
1702 2090 1980 2135 contendit.
2072 2093 2270 2138 Olavus
2298 2090 2461 2135 dixit:

282 2179 484 2242 Aliqva
513 2186 622 2225 tum
643 2177 738 2223 tibi
757 2177 953 2241 objecta
977 2177 1235 2223 molestia.
1305 2178 1418 2238 Ego
1438 2178 1534 2223 hoc
1558 2194 1781 2239 vespere,
1817 2180 2024 2239 qvando
2047 2179 2195 2226 boves
2218 2180 2460 2237 vinxeris,

284 2284 402 2318 eam
424 2276 588 2313 tecum
611 2265 662 2316 3<
682 2268 727 2311 si
754 2276 868 2318 tum
892 2267 1125 2328 aliquam
1152 2266 1309 2326 liujus
1339 2266 1415 2310 rei
1442 2263 1684 2311 caussam
1709 2267 1985 2328 comperio,
2023 2270 2143 2314 nolo
2171 2277 2216 2314 te
2241 2269 2379 2313 lianc
2401 2267 2460 2313 ob

285 2372 392 2404 rem
413 2355 694 2417 castigare,
732 2355 815 2400 sin
837 2362 1012 2400 autem
1033 2354 1238 2399 nullam
1264 2355 1538 2416 comperio,
1577 2355 1795 2417 aliqvod
1829 2372 1956 2402 sane
1983 2358 2174 2404 senties
2199 2359 2318 2403 inde
2342 2373 2462 2402 ma—

224 2464 226 2467 ’
285 2447 408 2493 lum.
485 2444 583 2490 Ota
594 2459 685 2490 vus
710 2450 817 2489 tum
837 2443 1050 2488 hastam
1072 2451 1341 2502 auratam,
1376 2460 1530 2506 qoam
1553 2460 1642 2489 rex
1666 2443 1749 2489 illi
1781 2446 2014 2505 dederat,
2054 2447 2239 2492 sumsit
2265 2447 2318 2491 in
2343 2462 2464 2492 ma-

286 2539 432 2588 num,
468 2522 618 2578 'domo
640 2532 825 2578 deinde
853 2532 1192 2592 cumfamulo
1213 2531 1373 2592 abiit,-
1410 2532 1691 2595 aliqvanta
1717 2531 1834 2580 nive
1861 2542 2005 2580 terra
2032 2536 2317 2598 tegebatur.
2374 2535 2467 2583 Ad

288 2623 456 2670 bovile
484 2629 862 2685 pervenerunt,
920 2616 1055 2684 q‘vod
1084 2623 1201 2667 'tum
1236 2629 1354 2667 erat
1386 2619 1646 2682 apertum.
1757 2623 1957 2670 Olavus
1987 2625 2262 2683 famulum
2302 2624 2468 2670 bovile

291 2711 495 2773 ingredi
509 2709 751 2774 Jubebat,
802 2726 894 2772 ego
917 2726 1064 2766 vero,
1100 2711 1294 2774 inqvit,
1332 2711 1472 2756 intro
1499 2726 1658 2772 agam
1686 2709 1859 2771 boves,
1910 2721 1966 2758 tu
1986 2730 2104 2759 vero
2128 2714 2329 2761 vincias
2351 2727 2469 2757 eos-

291 2801 420 2848 dem.
491 2801 751 2846 Famulus
774 2807 883 2845 tum
887 2798 1036 2860 fores
1059 2799 1246 2847 bovilis
1271 2799 1435 2855 adiit,
1486 2807 1595 2845 tum
1617 2799 1708 2846 ille
1735 2802 1918 2847 statim
1942 2802 1996 2846 in
2028 2804 2251 2849 Olaaum
2286 2815 2469 2847 recur-

294 2878 479 2936 sabat(
541 2890 741 2936 olavus
765 2889 978 2952 rogavit
1004 2890 1128 2952 qvid
1145 2889 1242 2935 hoc
1270 2889 1345 2935 rei
1369 2887 1536 2935 esset?
1570 2889 1674 2951 Ille
1709 2890 1873 2936 dixit:
1919 2890 2188 2952 Hrappus
2212 2891 2265 2936 in
2286 2890 2471 2937 bovilis

301 2985 451 3023 astat
472 2978 688 3037 foribus
720 2994 893 3041 meqve
923 2979 997 3024 ad
1032 2995 1084 3024 se
1120 2994 1311 3040 rapere
1353 2986 1596 3038 conatur,
1648 2994 1739 3039 ego
1771 2994 1890 3024 vero
1929 2979 2062 3024 satis
2079 2981 2199 3042 jam
2230 2996 2344 3025 cum
2380 2979 2473 3024 illo

304 3066 537 3111 luctatus
560 3083 687 3112 sum.
764 3067 907 3113 Tunc
933 3068 1132 3115 Olavus
1156 3067 1392 3128 adfores
1406 3067 1849 3129 progrediebatur
1880 3067 2081 3114 directa
2104 3070 2158 3115 in
2180 3070 2479 3131 Hrappum

303 3155 479 3200 hasta.
552 3140 820 3219 HraPPus
846 3164 1067 3217 utraqve
1087 3156 1468 3216 manuferrum
1499 3156 1673 3202 liastoe
1689 3156 1994 3218 corripiens,
2027 3159 2237 3220 deflexit
2259 3175 2373 3204 eam
2398 3158 2476 3201 ita

303 3252 362 3289 ut
382 3243 716 3293 manubrium
736 3245 1095 3308 frangeretur.
1174 3247 1316 3294 Tunc
1340 3246 1538 3293 Olavus
1566 3221 1788 3306 infestus
1808 3243 2167 3310 inHra'ppum
2195 3249 2269 3294 ire
2289 3253 2479 3311 parat,

2108 3337 2203 3384 Nn
