2956 3854
1305 231 1386 293 45

256 403 354 452 dus
385 408 559 449 autem
593 390 799 462 inficias
832 398 908 448 ire
938 395 988 446 8<
1022 398 1302 462 Ingjaldus
1332 406 1516 453 contra
1546 414 1758 461 rogare,
1808 418 1870 448 ne
1911 404 2204 468 denegaret.
2276 412 2422 459 Pac.‘

255 491 448 540 tionem
486 490 658 554 inquit
686 490 888 561 potius
899 489 1162 547 ineamus:
1221 495 1279 533 tu
1316 486 1447 532 milii
1476 489 1665 534 tradas
1695 489 1952 539 hominem
1983 511 2073 541 nec
2098 497 2267 543 ullam
2282 516 2419 562 per-

251 578 435 652 hibeas
456 579 780 640 molestiam,
823 594 858 624 a
880 593 959 622 me
988 592 1109 624 vero
1133 584 1238 622 tres
1259 576 1383 636 J‘am
1414 590 1626 622 marcas
1660 580 1870 639 argenti
1900 583 2081 644 accipe
2102 594 2256 649 atqve
2285 589 2419 638 lzabe

251 650 375 728 tibi,
413 669 488 715 sic
507 668 668 716 etiam
688 644 848 735 simul
864 666 1110 752 impetres
1133 666 1341 714 veniam
1359 666 1547 727 culpae,
1579 681 1732 728 qvam
1755 666 1809 712 in
1831 684 1910 714 me
1935 673 2236 721 commisisti
2257 679 2419 723 auxi-

256 752 347 804 lio
371 756 484 802 lato
523 732 788 823 Thoroffo.
896 755 1025 801 Tum
1072 755 1311 801 leordus
1359 755 1639 815 splendore
1685 757 1894 819 argenti
1940 761 2091 820 capi,
2148 772 2198 808 et
2241 766 2421 813 laetarb'

246 836 518 906 promissa
550 842 705 891 *venia
750 844 947 906 culpoe,
1021 861 1174 906 qvam
1219 843 1318 889 sibi
1353 844 1594 905 pecuniae
1627 844 1904 907 jacturam
1939 846 2219 898 illaturam
2255 865 2416 902 antea

251 931 453 979 veritus
487 939 656 991 esset,
687 933 905 996 jamqve
947 933 1186 979 Thordus
1213 932 1300 977 ita
1333 933 1634 994 respondit:
1687 931 1806 977 Hoc
1838 943 2074 982 nostrum
2107 940 2419 1002 colloqvium

219 1019 387 1083 ‘milti
424 1036 552 1067 sane
581 1021 810 1068 aliorum
850 1020 1118 1067 hominum
1163 1013 1474 1067 contemtum
1514 1021 1748 1079 inducet,
1816 1037 1995 1069 verum
2031 1033 2206 1073 tamen
2228 1031 2417 1089 pactio

251 1107 534 1170 ‘liceo-inter·
551 1125 654 1165 nos
676 1117 815 1164 rata,-
831 1109 946 1163 erit.
1024 1108 1224 1156 Deinde
1246 1110 1470 1156 multam
1490 1117 1706 1170 partem
1729 1111 1897 1177 noctis
1922 1111 2193 1177 cubatum,
2230 1134 2416 1182 usque-

252 1196 376 1266 dum
396 1198 471 1246 ad
492 1197 656 1269 lucem
689 1207 863 1246 tamen
892 1197 1507 1272 aliquantumfemporis
1543 1207 1847 1260 superesset.

1116 1335 1328 1393 ·:CAP.
1374 1336 1516 1393 XV.

532 1439 675 1510 Tum
710 1478 828 1512 vero
854 1452 1136 1527 Ingjaldus
1171 1457 1284 1511 cum
1311 1465 1421 1511 suis
1456 1465 1683 1511 surrexit
1692 1482 1711 1526 ,-
1760 1467 1817 1514 V
1813 1466 1984 1529 igdisa
2023 1480 2198 1518 autem
2248 1475 2421 1522 Τιἰον-ι

252 1548 381 1598 'dum
418 1551 663 1614 rogabat,
707 1553 943 1615 qvid-illi
962 1554 1209 1614 proximo
1234 1570 1443 1616 vespere
1480 1570 1594 1600 cum
1631 1555 1880 1618 Ingjaldo
1916 1557 2162 1619 colloqvii
2181 1548 2420 1619 fuisset?

253 1639 360 1687 Ille
379 1639 779 1685 multa2locutos
800 1639 1089 1702 affirmavit
1105 1639 1160 1688 ὃς
1179 1641 1381 1702 ᾳνίάέιη
1401 1642 1696 1688 convenisse
1723 1643 1860 1687 inter
1886 1659 1996 1702 eos,
2034 1645 2420 1707 inqvisitionem

251 1726 673 1788 instituendam,
709 1744 762 1774 se
786 1737 962 1774 autem
985 1746 1100 1775 cum
1127 1745 1287 1776 uxore
1321 1746 1356 1774 a
1381 1745 1570 1775 caussa
1608 1730 1885 1776 immunem
1893 1732 2036 1792 fore,
2059 1735 2105 1779 si
2137 1735 2184 1779 T
2179 1736 2276 1782 7707
2280 1741 2420 1799 olfus

249 1815 443 1882 ibidem
457 1832 559 1862 non
573 1816 922 1882 inveniretur,
952 1818 1182 1879 jamque,
1218 1818 1401 1880 inqvit,
1423 1835 1505 1864 ser
1508 1835 1627 1865 vum
1653 1818 1971 1882 Asgautum,
2012 1822 2272 1872 lzominem
2296 1829 2419 1876 hinc

252 1903 548 1952 abducere
519 1921 673 1966 Jussz
752 1907 808 1953 V
805 1905 976 1968 zgdisa
1002 1907 1164 1952 dixit:
1222 1907 1498 1952 mendacia
1528 1907 1627 1952 sibi
1654 1924 1852 1969 parum
1870 1910 2088 1970 placere
2111 1909 2161 1959 8<
2188 1915 2419 1979 iniqvum

252 1973 450 2050 videri,
509 1991 644 2053 qvod
669 1981 965 2055 IngJaldus
997 1993 1051 2039 in
1094 1993 1344 2039 cubiculis
1391 1996 1501 2039 suis
1555 1997 1885 2056 explorando
1922 1998 2272 2061 discursaret,
2330 2011 2421 2054 sed

253 2064 434 2126 famen·
448 2079 631 2139 hujus
636 2080 711 2126 rei
740 2081 824 2126 illi
849 2088 1168 2141 potestatem
1191 2081 1681 2144 secit31ngjaldus
1719 2100 1839 2131 vero
1872 2088 2175 2147 exploravit
2209 2108 2299 2138 nec
2331 2097 2419 2142 in-

223 2173 227 2178 '
253 2167 400 2217 veni-t
420 2167 690 2213 hominem.
768 2168 962 2214 Eodem
995 2178 1224 2229 tempore
1256 2171 1549 2215 redeuntem
1588 2171 1891 2233 Asgautum
1930 2177 2143 2236 rogavit
2168 2182 2217 2226 V
2221 2181 2392 2242 igdisa
2406 2206 2420 2232 .-

255 2256 346 2306 uhi
397 2272 451 2300 a*
485 2255 755 2315 Thorolfo-
786 2256 1141 2302 discessisset?
1226 2257 1502 2319 Asgautus
1554 2260 1852 2320 respondit:
1941 2262 2231 2313 Secundum
2258 2272 2419 2332 jussa

249 2343 563 2407 fflffifflfdiad
591 2342 754 2401 ovilia
796 2351 979 2389 nostra
1019 2361 1134 2391 eum
1175 2347 1414 2392 conduxi.
1517 2349 1573 2395 V
1569 2348 1744 2410 igdisa
1782 2349 1949 2396 dixit:
2009 2358 2247 2417 numqvis
2275 2361 2420 2409 locus

251 2432 481 2512 Prqpior
522 2446 652 2476 esse
666 2439 888 2505 potest
896 2433 997 2478 vioe
1039 2432 1303 2496 Ingjaldi,
1371 2437 1445 2481 ad
1492 2437 1671 2483 navim
1721 2439 2024 2486 redeuntis?
2099 2444 2274 2506 Neqve
2325 2451 2420 2497 hoc

253 2501 675 2593 periclitandum
701 2528 804 2579 est,
849 2529 1026 2567 utrum
1048 2523 1144 2568 hoc
1165 2523 1437 2569 consilium
1463 2524 1601 2569 inter
1625 2541 1709 2570 eos
1736 2527 2016 2575 novissimo
2052 2548 2261 2593 vespere
2291 2554 2419 2585 con-

255 2610 508 2668 venisset,
544 2606 729 2670 placet
758 2609 958 2672 itaqve,
1005 2619 1064 2656 ut
1100 2612 1284 2657 redeas
1318 2627 1527 2675 eumqve
1566 2629 1627 2658 ex
1648 2631 1706 2660 eo
1732 2615 1844 2661 loco
1867 2634 2020 2679 qvam
2048 2621 2295 2671 citissime
2321 2628 2421 2673 ab·-

254 2694 474 2748 ‘ducas-¹.
509 2697 637 2744 Duc
650 2697 906 2744 hominem
926 2699 1296 2761 Saudafellum
1330 2702 1404 2746 ad
1429 2701 1768 2763 Thorolfum5
1813 2705 1858 2750 si
1883 2706 1995 2752 lzaec
2023 2725 2137 2755 mea
2144 2728 2302 2770 Jussa
2327 2733 2420 2762 ex-

258 2785 513 2853 teqvere,
533 2787 634 2834 erit
669 2767 767 2833 tibi
798 2789 1036 2850 qvaedam
1064 2790 1443 2843 remuneratio;
1490 2791 1544 2837 in
1574 2791 1870 2839 libertatem
1904 2803 1954 2840 te
1994 2798 2270 2847 vindicabo
2293 2812 2420 2852 tan-

258 2887 464 2942 tamqve
499 2876 718 2925 donabo
726 2878 1031 2939 pecuniam,
1080 2886 1138 2923 ut
1181 2879 1351 2925 ubivis
1380 2872 1612 2925 locorum
1650 2889 1698 2926 te
1731 2891 2026 2930 sustentare
2057 2902 2225 2947 queas.
2307 2894 2421 2940 AS..

257 2974 452 3029 gautus
478 2982 586 3013 sese
615 2966 694 3012 uti
705 2967 871 3029 jussit
881 2967 1161 3027 facturum
1178 2968 1509 3030 promittens,
1539 2970 1614 3014 ad
1647 2970 1812 3016 ovilia
1847 2973 2018 3031 rediit,
2060 2984 2214 3038 atqve
2234 2997 2422 3032 conie-

260 3054 343 3101 nit
373 3054 417 3099 T
414 3034 677 3114 horolfum
689 3089 704 3110 ,
757 3056 1034 3118 statimqve
1065 3056 1184 3102 inde
1217 3057 1469 3119 aufugere
1502 3056 1727 3116 jubebat.
1815 3041 2008 3107 Eodem
2053 3072 2281 3127 tempore
2326 3074 2424 3119 In-

255 3143 473 3226 gJ‘aldus
497 3157 531 3186 a
553 3143 916 3210 G-oddastadis
944 3161 1068 3206 eqvo
1103 3154 1305 3202 vectus,
1356 3146 1567 3208 argenti
1595 3148 1832 3207 p7etium
1871 3165 2127 3214 occupare
2155 3160 2422 3222 cogitavit,

259 3247 350 3279 ver
353 3235 438 3279 um
461 3226 688 3293 paulum
719 3245 752 3278 a
789 3231 925 3279 villa
949 3249 1263 3298 progressus
1290 3236 1392 3283 duo
1435 3234 1533 3282 sibi
1568 3234 1773 3283 obviam
1805 3237 1880 3284 ire
1908 3240 2142 3289 homines
2172 3249 2423 3296 animast-
