2956 3854
1297 276 1419 328 313

265 455 444 494 tumno
457 444 1006 510 haudperventurum,
1029 441 1166 488 dixit
1186 440 1510 497 Thorleikas,
1532 457 1584 486 se
1600 438 1886 486 orientalia
1900 437 2127 503 regionis
2141 437 2294 485 adire
2320 437 2452 484 velle

263 537 790 599 regemqve‘Olavum
817 533 1100 581 convenire.
1175 530 1389 579 Bollius
1411 533 1712 592 respondit:
1746 531 1893 577 haud
1911 530 2043 576 mihi
2067 530 2290 575 multum
2310 529 2450 590 pla—

261 634 340 672 cet
365 625 671 672 autumnali
698 633 927 686 tempore
951 623 1089 669 inter
1109 622 1310 685 oppida
1340 620 1558 683 vagari,
1605 621 1662 665 id
1686 620 1822 666 enim
1845 624 2045 683 parum
2066 620 2274 666 videtur
2311 619 2450 663 citra

258 715 556 762 molestiam
583 729 648 759 ac
676 713 1096 777 inqvietuclinem.
1178 711 1288 759 Hic
1322 711 1376 756 in
1399 709 1525 756 urbe
1554 727 1656 773 per
1678 710 1837 756 istam
1869 709 2102 771 hyemem
2134 707 2447 755 commorari

218 868 221 870 Ι
261 805 425 860 lubet,
463 820 586 851 nam
612 804 838 850 relatum
865 803 996 849 mihi
1014 811 1116 861 est,
1165 817 1334 864 regem
1366 816 1484 848 vere
1509 800 1974 863 appropinqvante
1995 799 2232 846 borealia
2265 813 2446 845 versus

257 902 532 941 venturum
541 910 560 956 >⁶
597 893 679 939 sin
697 909 818 940 vero
842 892 990 939 haud
1008 893 1224 948 venerit,
1251 891 1401 938 haud
1430 908 1522 953 ego
1547 889 1880 945 dehortabor,
1916 897 1976 935 ut
1995 890 2147 935 illum
2173 873 2442 933 adeamus.

254 984 438 1032 Bollio
464 985 518 1031 in
547 984 632 1030 his
657 983 1070 1045 obtemperatum
1092 991 1183 1028 est.
1256 983 1469 1030 'Deinde
1500 981 1676 1026 navim
1709 995 2050 1027 exoneravere
2084 987 2234 1042 atqve
2255 977 2445 1039 hospi-

258 1075 389 1121 tium
413 1075 467 1121 in
489 1074 614 1121 urbe
631 1087 1019 1136 comparavere.
1092 1071 1254 1119 Brevi
1277 1079 1600 1133 compertum
1624 1077 1729 1124 est,
1764 1068 2004 1114 Bollium
2022 1084 2131 1112 esse
2155 1066 2444 1125 virumfa-

253 1180 395 1211 mam
412 1162 732 1227 affectandae
751 1161 984 1223 aliosqve
994 1159 1343 1222 praecellendi
1365 1159 1655 1204 studiosum
1668 1174 1759 1204 nec
1785 1158 1839 1203 in
1860 1173 2068 1203 cassum
2093 1156 2286 1203 recedit
2309 1156 2447 1201 illucl

253 1255 485 1300 studium
495 1270 515 1315 7·
559 1250 837 1313 munificus
863 1251 1000 1297 enim
1032 1240 1348 1308 erathomo,
1387 1249 1628 1312 brevique
1648 1249 1702 1294 in
1732 1228 2010 1311 Norvagia
2033 1248 2258 1293 multam
2300 1235 2443 1291 obti-

256 1344 376 1392 nuit
397 1344 726 1407 dignitatem.
797 1342 1092 1390 Bollius‘ea
1118 1341 1300 1403 hyeme
1325 1341 1379 1386 in
1411 1336 1758 1387 Trondheimo
1784 1339 1884 1385 sibi
1907 1338 2214 1384 comitatum
2231 1353 2443 1382 assum-

256 1434 327 1480 sit
351 1423 791 1496 sustentavitqve5
838 1429 888 1477 8<
923 1448 1019 1495 qvo
1058 1431 1113 1477 in
1139 1432 1251 1477 loco
1279 1431 1551 1494 symposia
1585 1429 1803 1489 adibat,
1859 1429 2007 1475 illius
2039 1427 2168 1473 socii
2204 1441 2261 1472 eo
2280 1427 2441 1486 fuere

256 1524 553 1587 conspicui,
590 1524 726 1588 qvod
751 1531 914 1572 vestes
934 1538 999 1567 ac
1023 1538 1178 1568 arma
1203 1521 1376 1583 magis
1399 1529 1555 1566 erant
1579 1520 1807 1567 nitentia
1831 1536 1984 1583 qvam
2005 1527 2310 1565 coeterorum
2339 1533 2440 1579 op—

248 1615 592 1679 pidanorum.
688 1614 760 1661 Et
790 1614 994 1677 qvidem
1028 1613 1147 1671 ille,
1210 1628 1365 1675 qvum
1404 1608 1688 1673 symposiis
1723 1610 1995 1656 interesset
2018 1621 2124 1672 pro
2169 1607 2441 1654 sodalibus

254 1722 453 1766 omnem
494 1688 786 1768 symbolam
814 1702 1075 1761 solvebat5
1129 1703 1261 1748 talis
1294 1698 1345 1748 8<
1381 1701 1435 1748 in
1457 1701 1587 1746 aliis
1624 1699 1773 1745 illius
1791 1700 1913 1760 fuit
1949 1699 2340 1763 magnificentia
2376 1713 2441 1743 ac

249 1795 686 1860 magnanimitas.
756 1793 880 1839 Jam
888 1793 1104 1852 fratres
1127 1809 1187 1839 ea
1216 1791 1398 1855 hyeme
1419 1791 1474 1838 in
1508 1790 1634 1838 urbe
1655 1790 2019 1855 morabantur.
2102 1790 2227 1836 Hac
2260 1789 2442 1851 hyeme

258 1875 460 1934 Osavus
482 1901 575 1932 rex
607 1885 662 1931 in
687 1883 940 1931 orientali
965 1883 1255 1945 Norvagiae
1269 1891 1435 1946 parte
1457 1881 1837 1945 Sarpoburgioe
1859 1878 2121 1928 mansit&
2141 1879 2209 1926 ab
2242 1879 2440 1926 oriente

252 1976 558 2024 nuntiatum
579 1983 682 2034 est,
729 1990 901 2036 regem
928 1973 1076 2020 haud
1115 1974 1236 2019 inde
1269 1974 1615 2020 adventurum
1657 1989 1780 2019 esse.
1874 1972 2057 2025 Primo
2088 1987 2204 2019 vere
2226 1970 2439 2031 fratres

251 2066 434 2114 navim
454 2081 734 2129 paravere,
759 2050 1010 2110 orientem
1037 2078 1215 2110 versus
1240 2070 1397 2108 terrae
1421 2063 1647 2124 legentes
1673 2064 1875 2109 littora.
1949 2065 2215 2124 Prospero
2239 2062 2321 2107 usi
2344 2062 2440 2107 iti-

251 2173 374 2204 nere
398 2154 820 2219 Sarpoburgiam
837 2161 1206 2216 pervenerunt,
1242 2168 1509 2216 regemqve
1541 2154 1766 2200 Olavum
1791 2169 2081 2200 convenere.
2128 2153 2243 2198 Rex
2266 2152 2438 2198 Thor-

250 2249 466 2305 Ieikum‚
525 2245 761 2292 aulicum
794 2252 974 2300 suum,
1028 2243 1268 2307 illiusqve
1299 2243 1509 2297 comites
1552 2243 1858 2290 humaniter
1895 2242 2216 2305 excipiebat,
2284 2250 2439 2305 atqve

247 2328 455 2388 deinde>
476 2352 589 2404 cum
623 2335 1085 2397 interrogavisset,
1147 2334 1255 2397 qvis
1291 2342 1422 2379 esset
1455 2334 1714 2380 militaris
1748 2334 1839 2380 ille
1867 2334 1977 2389 vir,
2024 2333 2109 2396 qvi
2135 2335 2244 2396 ejus
2273 2333 2438 2380 comi-

248 2428 391 2477 tatui
426 2426 732 2488 adscriptus
765 2433 923 2484 esset,
967 2423 1242 2487 respondit
1271 2423 1316 2469 T
1312 2423 1606 2470 horleikus:
1638 2424 1828 2485 frater
1858 2440 2001 2471 meus
2032 2424 2075 2469 is
2107 2432 2210 2480 est,
2254 2439 2439 2470 nomen

231 2520 332 2569 illi
358 2518 588 2567 Bollius.
669 2518 865 2563 Postea
893 2516 1037 2562 Rex.-
1072 2515 1225 2578 qvod,
1271 2514 1462 2577 inqvit,
1499 2515 1555 2562 in
1587 2515 1760 2578 specie
1779 2516 2016 2578 positum
2037 2523 2140 2571 est,
2179 2513 2439 2559 hominem

248 2609 453 2659 indicat
475 2605 724 2668 virilem,·‚
740 2605 1118 2666 illefratribus
1143 2605 1294 2667 apud
1317 2621 1369 2650 se
1391 2604 1581 2652 obtulit
1602 2606 1907 2670 hospitium.
1979 2606 2100 2653 Hoc
2132 2605 2215 2650 illi
2242 2603 2440 2667 gratiis

245 2701 384 2749 actis
404 2713 678 2760 accepere,
722 2712 794 2743 'ac
814 2713 872 2744 eo
899 2712 1016 2744 vere
1040 2697 1192 2759 apud
1210 2712 1380 2759 regem
1402 2695 1769 2743 morabantur.
1855 2697 1971 2744 ,Rex
2015 2669 2290 2741 Tliorleiko
2319 2694 2438 2756 jam

246 2799 306 2839 ut
323 2797 486 2836 antea
512 2788 715 2859 amicus
748 2788 986 2852 Ἰνίάεηι,ἱ
1021 2788 1188 2833 multo
1228 2795 1404 2833 tamen
1440 2787 1692 2850 majorem
1722 2788 1906 2835 Bollio
1939 2784 2129 2833 habuit
2165 2783 2439 2838 honorem;

246 2881 339 2928 ille
360 2878 498 2925 enim
524 2879 635 2941 regi
659 2878 801 2927 visus
821 2887 901 2928 est
920 2878 1060 2924 alios
1090 2880 1315 2925 multum
1341 2877 1575 2924 homines
1594 2879 1921 2925 antecellere.
2020 2877 2155 2924 Vere
2170 2873 2437 2935 proecipi-

247 2978 362 3020 tato
375 2969 591 3029 fratres
625 2970 688 3015 de
705 2969 1128 3032 profectionibus
1149 2969 1258 3015 suis
1283 2967 1423 3031 loqvi
1446 2984 1673 3031 coepere,
1711 2978 1911 3032 tumqve
1935 2965 2167 3030 qvoesivit
2195 2963 2439 3010 Thorlei—

246 3060 366 3118 hus,
415 3073 489 3103 an
513 3053 733 3112 Bollius,
755 3068 991 3122 repetere
1032 3070 1093 3106 ea
1128 3067 1315 3106 aestate
1352 3058 1681 3120 Islandiam,
1736 3076 1808 3106 an
1841 3059 1896 3104 in
1929 3054 2203 3117 Norvagia
2238 3054 2441 3101 diutius

246 3145 578 3205 commorari,
616 3130 790 3198 vellet.
863 3150 1078 3198 Bollius
1118 3148 1420 3214 respondit:
1465 3156 1709 3196 neutrum
1743 3147 1876 3196 mihi
1910 3148 2113 3212 qvide'm
2141 3145 2436 3208 proposui5

244 3239 377 3287 mihi
404 3238 543 3304 enim
568 3241 742 3303 stetit,
782 3257 936 3305 qvum
963 3240 1030 3287 ab
1055 3241 1302 3288 Islandia
1324 3238 1719 3303 proficiscerer,
1755 3239 1903 3288 haua'
1918 3238 2061 3302 pati,
2099 3235 2199 3281 mei
2217 3234 2437 3296 samam

2079 3332 2128 3378 R
2148 3343 2175 3374 r
