2956 3854
1243 278 1373 337 295

230 450 331 499 erit
349 464 507 512 penes
521 447 670 509 filios
686 464 824 494 meos
854 446 1182 492 Thorleikzcm
1205 460 1270 490 ac
1290 442 1526 490 Bollium
1538 459 1558 501 ,·
1618 451 1675 489 tu
1710 453 1888 490 autem
1909 445 2103 492 Snorro
2138 446 2326 493 tertius
2353 464 2406 494 es

227 539 336 597 vir,
380 553 520 601 qvem
568 552 661 598 ego
695 537 757 581 de
788 535 1005 581 maximi
1036 534 1282 581 momenti
1317 533 1467 580 rebus
1502 532 1835 594 potissimum
1865 532 1996 579 mihi
2036 537 2408 584 consulendum

219 627 466 692 judicem.
552 626 665 672 Tua
700 623 837 670 enim
870 624 1093 670 consilia
1126 624 1218 669 diu
1249 622 1381 668 mihi
1423 621 1582 668 utilia
1608 621 1784 681 fuere.
1864 623 2060 669 Snorro
2100 625 2261 683 dixit,
2306 625 2409 672 sibi

229 715 398 781 videri
417 714 735 761 tutissimum
766 713 811 759 T
807 712 1041 759 horkello
1078 712 1227 758 haud
1239 712 1390 777 ''glare
1409 700 1709 773 'repulsam.
1793 713 1989 759 Postea
2024 712 2221 760 Snorro
2255 715 2410 761 Gud-

229 819 381 858 runoe
399 802 550 870 filios
580 783 840 855 advocari
861 801 1056 863 jussit5
1111 808 1310 864 tumque
1363 801 1437 847 ad
1481 816 1567 847 eos
1606 816 1831 847 causamv
1863 817 2021 864 agere
2058 803 2217 863 coepit
2260 812 2411 867 atqve

196 946 203 954 ⁸
229 893 522 950 ostendere,
559 897 754 952 qvanto
780 889 890 935 illis
909 890 1211 952 adjumento
1248 889 1293 936 T
1288 888 1556 935 horkellus
1590 890 1698 935 suis
1734 889 1920 953 opibus
1956 907 2022 936 ac
2054 891 2291 938 consiliis
2311 893 2409 948 fu-

186 964 193 968 4
230 991 382 1030 turus
403 988 547 1027 esset.
616 979 724 1025 His
748 980 811 1026 de
834 977 985 1025 rebus
1012 977 1206 1024 diserte
1221 978 1427 1024 locutus
1447 986 1538 1024 est.
1581 978 1794 1025 Bollius
1818 979 2120 1040 respondit:
2155 980 2268 1027 hoec
2292 998 2408 1028 mea

227 1079 400 1128 mater
433 1069 628 1133 optime
648 1066 934 1131 perspiciet
953 1062 1002 1111 8<
1023 1081 1116 1127 ego
1152 1065 1351 1128 qvidem
1376 1066 1524 1120 illius
1544 1067 1811 1113 voluntati
1843 1066 2190 1127 consentiam,
2237 1077 2411 1116 tamen

227 1158 503 1229 tiosmulti
524 1157 909 1213 existimamus,
943 1154 1074 1216 qvod
1101 1161 1171 1211 tu,
1206 1154 1435 1200 6norro!
1479 1153 1619 1199 hanc
1642 1169 1860 1201 causam
1893 1155 2037 1218 agis,
2075 1157 2247 1202 multa
2273 1158 2411 1204 enim

226 1263 355 1314 erga
374 1263 477 1313 nos
496 1238 911 1308 egregiefecisti.
974 1231 1134 1295 ,Tunc
1159 1242 1296 1288 dixit
1327 1244 1587 1289 Gudruna
1605 1259 1620 1289 :
1673 1243 1777 1289 hac
1806 1243 1862 1291 in
1884 1260 1940 1291 re
1964 1245 2247 1292 Snorronis
2267 1247 2410 1292 mul-

230 1345 344 1405 111111
366 1335 700 1402 ἰ(1001011101ῖο
738 1343 982 1392 utamur,
1031 1339 1134 1378 tua.
1158 1332 1294 1378 enim
1324 1331 1472 1378 nobis
1504 1332 1665 1387 utilia
1678 1333 1837 1393 fuere
1874 1335 2112 1380 consilia.
2212 1334 2410 1384 Snorro

227 1424 464 1477 omnibus
501 1424 657 1471 dictis
682 1425 757 1470 ad
779 1423 878 1470 hoc
912 1421 1224 1469 exhortatus
1247 1428 1340 1466 est.
1431 1421 1652 1484 Tumqve
1685 1422 2030 1469 constitutum
2067 1423 2282 1486 deniqve
2314 1433 2407 1484 est,

224 1522 285 1568 ut
311 1514 573 1563 Gudruna
596 1528 710 1560 cum
737 1511 1013 1559 Thorkello
1038 1509 1198 1558 iniret
1226 1509 1639 1564 matrimonium.
1714 1512 1910 1559 Snorro
1933 1528 1988 1559 se
2009 1511 2215 1570 obtulit,
2253 1515 2405 1576 apud

228 1620 367 1670 qvem
390 1603 663 1666 nuptialia
687 1600 1090 1670 celebrarentur.
1144 1598 1295 1647 Hoc
1324 1601 1370 1646 T
1365 1600 1602 1646 horkelio
1640 1600 1762 1649 bene
1790 1601 2033 1663 placuit,·
2079 1602 2230 1649 haud
2254 1604 2392 1650 enim

232 1691 412 1756 inquit,
431 1680 563 1738 milii
583 1708 706 1754 opes
731 1692 934 1747 desunt,
972 1706 1193 1754 qvarum
1229 1697 1438 1736 tantum
1466 1689 1751 1749 exhibeam,
1789 1699 2041 1752 qvantum
2076 1692 2238 1740 Vobis
2263 1694 2407 1741 lubi-

229 1791 339 1850 tum
357 1780 524 1841 foret.
586 1781 746 1840 &Tunc
765 1779 903 1825 dixit
931 1780 1220 1826 Gudruna:
1274 1794 1391 1823 mea
1435 1778 1645 1845 qvidem
1667 1781 1916 1825 voluntas
1936 1788 2041 1839 est,
2077 1789 2136 1826 ut
2158 1781 2255 1828 hoc
2278 1799 2406 1829 con-

227 1854 418 1921 uiuium
437 1869 737 1932 Helgafelli
759 1869 910 1931 apud
935 1884 1015 1914 me
1049 1866 1360 1925 celebretur,
1410 1883 1509 1923 1100
1541 1884 1633 1932 ego
1668 1867 1952 1929 abhorreo,
1996 1870 2154 1935 huJ'us
2180 1872 2408 1920 convivii

174 1991 176 1994 .
230 1967 458 2014 sumtum
475 1957 737 2029 praebere,
787 1973 879 2004 nec
916 1957 1276 2012 Thorkellum,
1319 1972 1411 2002 nec
1437 1956 1664 2018 aliqvem
1693 1956 1862 2004 alium
1908 1958 2127 2022 rogabo,
2172 1960 2295 2008 huic
2328 1961 2408 2008 rei

229 2050 463 2113 aliqvam
476 2043 772 2109 impendere
795 2061 1026 2108 operam.
1098 2045 1219 2092 Hoc
1245 2060 1386 2108 saepe
1398 2052 1682 2120 monstraS,
1706 2045 1993 2114 Gudruna.
1990 2047 2005 2079 '
2044 2048 2181 2095 dixit
2208 2051 2405 2113 6'n0rro

232 2147 282 2187 te
304 2137 576 2185 mulierem
609 2151 717 2181 esse
746 2134 971 2180 maxime
996 2149 1320 2197 generosam.
1402 2133 1589 2197 Itaqve
1623 2134 1988 2197 constituitur,
2041 2145 2102 2183 ut
2128 2140 2405 2202 nuptialia

228 2225 528 2290 Helgafelli
542 2223 864 2272 celebrentur
887 2239 976 2269 sex
989 2223 1196 2270 oestatis
1207 2206 1521 2284 septimanis
1534 2203 1870 2272 restantibus.
1942 2227 2139 2274 Snorro
2153 2244 2218 2273 ac
2237 2229 2284 2275 T
2279 2229 2412 2276 hor-

230 2317 398 2374 hellus
425 2315 510 2362 his
525 2329 627 2377 pet
630 2313 766 2359 actis
789 2312 1068 2378 discessere
1085 2309 1136 2359 8<
1158 2312 1354 2381 Snorro
1365 2305 1590 2387 qvidem
1619 2313 1852 2388 domum,
1895 2314 2205 2361 Thorkellus
2230 2324 2408 2366 autem

229 2408 304 2455 ad
327 2403 504 2454 navim
529 2402 664 2449 abiit
687 2398 738 2450 8<
760 2418 823 2449 ea
846 2401 1046 2465 qvidem
1071 2407 1258 2448 aestate
1275 2415 1375 2463 per
1392 2400 1527 2448 vices
1559 2401 1755 2465 slungoe
1779 2399 1829 2449 8<
1854 2404 1929 2450 ad
1948 2404 2128 2452 navim
2150 2406 2407 2452 moraba-

228 2504 386 2566 tur.
413 2494 537 2541 Jam
566 2491 894 2565 nuptialium
918 2499 1121 2553 tempus
1146 2490 1631 2555 appropinqvabat.
1709 2492 1906 2556 Magni
1939 2501 2049 2541 tum
2078 2496 2230 2557 apud
2254 2497 2406 2542 Gud-

234 2599 425 2656 runam
459 2588 766 2645 apparatus
799 2596 864 2625 ac
889 2580 1187 2626 necessaria
1214 2581 1437 2645 multum
1473 2582 1698 2627 collecta
1725 2589 1862 2627 sunt.
1937 2582 2135 2656 Snorro
2166 2582 2409 2631 Antistes

233 2689 347 2720 cum
377 2662 653 2720 Thorkello
684 2670 741 2716 id
763 2669 1049 2716 convivium
1082 2668 1236 2727 adiit,
1273 2668 1553 2730 sexaginta
1583 2669 1669 2714 1111
1677 2669 1803 2730 fere
1821 2672 2031 2718 comites
2055 2670 2105 2719 8<
2123 2689 2184 2718 ea
2211 2674 2409 2736 qvidem

228 2742 418 2836 cohors
444 2761 637 2821 electa,
670 2758 1056 2835 pleriqveenizn
1070 2757 1340 2805 erantviri
1354 2757 1574 2803 coloreis
1589 2759 1907 2806 vestimentis
1921 2760 2110 2808 induti.
2147 2762 2411 2808 Gudruna

234 2859 436 2899 centum
449 2850 574 2911 fere
608 2848 854 2896 convivas
884 2855 1047 2893 antea
1075 2831 1386 2910 collegerat.
1472 2847 1695 2894 Fratres
1740 2830 1952 2896 Bollius
2003 2865 2069 2895 ac
2104 2849 2411 2898 Thorleikus

233 2939 488 2988 Snorroni
511 2954 577 2984 ac
601 2937 750 2983 illius
783 2937 1060 2983 comitatui
1080 2953 1195 2983 cum
1211 2933 1551 2998 principibus
1591 2936 1935 2985 convivarum
1975 2936 2181 2985 obviam
2217 2940 2410 3002 egressi

233 3026 286 3077 8<
306 3028 502 3076 6norro
538 3026 736 3090 qvidem
752 3042 819 3071 ac
853 3025 1002 3071 illius
1025 3025 1156 3071 socii
1183 3024 1397 3088 benigne
1419 3025 1836 3088 excipiebantur,
1882 3027 2184 3089 acceptiqve
2207 3029 2323 3091 eqvi
2344 3046 2410 3077 ac

233 3110 475 3166 amicula
496 3116 570 3161 ad
594 3115 952 3162 custodienda.
1029 3114 1238 3162 Deinde
1263 3114 1371 3181 ipsi
1409 3114 1465 3160 in
1497 3115 1823 3161 coenaculum
1845 3114 2056 3161 deducti
2077 3113 2127 3164 ὃς
2154 3118 2409 3165 Thorkel-

234 3209 319 3256 lus
354 3205 557 3270 qvidem
586 3220 651 3250 ac
673 3205 870 3251 Snorro
910 3187 1143 3250 alterum
1176 3215 1474 3264 scamnum,
1522 3204 1654 3267 qvod
1687 3201 2031 3265 honorificum
2050 3206 2220 3268 magis
2244 3207 2410 3254 habe-

236 3297 423 3357 batur,
469 3308 812 3358 occupavere5
852 3294 1125 3342 Gudrunae
1143 3302 1318 3343 autem
1349 3293 1576 3343 convivae
1598 3309 1866 3342 scamnum
1885 3287 2148 3358 dignitate
2170 3295 2409 3357 inferius.
