2956 3854
1302 240 1424 290 113

272 398 384 462 eum
400 421 733 476 pervenerat.
792 409 1141 459 Geirmundus
1158 406 1383 452 Olavum
1407 419 1520 449 cum
1543 412 1621 450 tot
1643 403 1954 464 hominibus„
1991 415 2113 470 qvot
2146 406 2251 470 ipsi
2283 424 2452 455 secum

268 505 454 550 ducere
472 502 670 549 luberet
699 503 774 548 ad
802 518 856 547 se
879 495 1166 559 invitavit.=
1215 490 1335 542 Hoc
1365 493 1565 540 Olavus
1589 510 1691 540 non
1716 504 2035 557 aspernatus
2071 502 2184 544 cum
2217 499 2275 546 V
2305 497 2454 544 illius

267 592 560 656 hospitium
584 591 738 638 adiit.
825 585 1012 634 Caeteri
1047 584 1205 632 Olavi
1241 583 1372 631 socii
1407 585 1628 631 navales
1666 600 1766 646 per
1813 585 2023 632 diversa
2052 581 2451 634 Ilerdalandiae

268 684 385 729 loca
406 680 643 743 hospitia
677 677 776 724 sibi
798 691 1128 739 occupavere.
1221 674 1572 720 Geirmundus
1599 674 1765 722 Olavo
1787 673 1971 721 bonum
1992 675 2280 738 hospitium
2301 677 2453 725 exhi-

267 769 394 817 buit.
460 768 664 816 Domus
686 773 840 813 erant
879 764 1066 812 ibidem
1097 765 1254 825 altce,
1308 763 1465 811 multi
1487 763 1740 811 mortales
1771 760 1821 810 8<
1851 782 2048 827 magna
2088 765 2158 811 ibi
2174 783 2276 828 per
2311 767 2451 813 lianc

191 889 195 894 ·
266 858 497 921 hyemem
525 857 798 903 hilaritas
855 853 1228 914 Versusfi'nem
1252 854 1452 916 hyemis
1493 854 1694 901 Olavus
1733 854 2054 900 Geirmundo
2092 857 2354 918 negotium
2389 854 2451 902 ob

267 948 403 1011 qvod
422 947 663 1002 venisset,
685 948 933 1000 elocutus,
954 945 1090 990 dixit
1111 960 1164 990 se
1179 945 1327 1005 ligna
1346 960 1451 1005 pro
1472 944 1663 989 aedium
1684 951 1953 989 structura
1969 946 2281 1007 comparare
2299 947 2447 1004 velle,

265 1037 542 1100 magniqve
564 1035 665 1081 sibi
686 1034 854 1082 videri
875 1034 1098 1093 referre,
1129 1041 1189 1078 ut
1211 1041 1347 1095 apta
1370 1033 1519 1093 ligna
1544 1033 1772 1094 eligendi
1796 1034 2016 1079 daretur
2043 1035 2216 1095 copia.
2291 1034 2450 1080 Geir-

221 1175 225 1178 ,
264 1125 490 1172 mundus
509 1124 672 1170 dixit:
714 1110 930 1169 Haconi
965 1121 1168 1167 comitis
1203 1137 1330 1167 sane
1363 1123 1518 1183 syl-va
1555 1121 1757 1182 optima
1792 1131 1868 1167 est
1889 1119 1938 1169 &
1961 1131 2101 1170 certo
2130 1124 2262 1183 scio,
2318 1123 2364 1169 si
2393 1131 2450 1168 tu

266 1215 426 1260 illum
443 1213 715 1272 convenis,
767 1213 920 1258 illam
953 1212 1008 1257 in
1046 1219 1139 1257 tua
1165 1219 1434 1273 potestate
1455 1211 1596 1270 fore.
1682 1211 1784 1257 Ille
1807 1213 1969 1271 enim,
2021 1213 2211 1277 inqvit,
2260 1229 2448 1270 comes,

263 1301 386 1350 bene
406 1303 602 1365 excipit
627 1302 886 1361 homines,
925 1300 1021 1347 tibi
1047 1302 1211 1348 Olave
1240 1299 1386 1346 bonis
1420 1298 1626 1346 artibus
1652 1300 1802 1347 haud
1828 1304 2241 1364 comparandos,
2290 1305 2337 1349 si
2360 1303 2446 1348 illi

264 1407 380 1465 eum
400 1391 612 1440 adeunt.
687 1392 822 1442 Vere
846 1382 1045 1439 Olavus
1066 1391 1142 1436 ad
1166 1389 1410 1436 Comitem
1436 1391 1711 1436 Haconem
1737 1391 1813 1437 ire
1833 1401 2020 1453 parat.
2097 1391 2268 1438 Comes
2295 1392 2447 1436 illum

264 1481 387 1530 bene
414 1481 616 1546 excepit
639 1482 946 1545 rogavitqve
969 1489 1028 1527 ut
1052 1481 1202 1542 apud
1225 1497 1277 1525 se
1298 1489 1534 1526 maneret
1556 1481 1804 1543 qvamdiu
1829 1481 1935 1543 ipsi
1956 1482 2212 1542 placeret.
2313 1482 2448 1526 Ola-

266 1586 364 1622 vus
393 1573 580 1619 Comiti
599 1572 750 1629 dixit,
787 1572 908 1634 qvid
927 1570 1025 1616 sibi
1045 1569 1249 1631 negotii?
1265 1578 1412 1615 esset.
1485 1571 1756 1631 Rogamus
1781 1578 1843 1625 te,
1882 1570 2066 1631 inqvit,
2102 1570 2350 1629 Domine,
2386 1578 2447 1615 ut

267 1663 324 1709 in
362 1670 456 1710 tua
493 1650 646 1724 sylva
673 1659 822 1706 nobis
852 1659 1001 1721 ligna
1031 1660 1106 1704 ad
1131 1656 1361 1720 aedificia
1393 1660 1588 1705 caedere
1611 1658 1783 1704 liceat.
1876 1658 2049 1704 Comes
2083 1658 2448 1721 respondebat,

266 1753 416 1815 large
449 1751 548 1797 lzoc
582 1767 713 1796 sane
748 1748 844 1794 tibi
877 1746 1228 1807 exhibebitur,
1305 1747 1404 1794 illa
1442 1747 1578 1814 enim
1611 1748 1759 1809 ligna
1792 1765 1901 1810 qvce
1938 1765 2033 1795 nos
2070 1748 2164 1794 tibi
2191 1747 2448 1805 dabimus,

265 1847 423 1894 erunt
453 1840 764 1903 sufficientia
795 1840 869 1885 ad
900 1838 1076 1885 navim
1105 1846 1250 1884 tuam
1277 1839 1631 1896 onerandam,
1680 1854 1784 1884 non
1818 1839 1954 1893 enim
1995 1847 2103 1884 tam
2137 1837 2334 1884 nobiles
2367 1839 2448 1885 vi·-

266 1923 354 1978 ros
390 1931 465 1976 ad
497 1947 590 1976 nos
624 1929 691 1975 ab
714 1929 962 1976 Islandia
1001 1928 1224 1992 qvotidie
1257 1915 1531 1990 pervenire
1556 1935 1827 1989 putamus.
1905 1930 2100 1976 Verum
2128 1945 2240 1973 cum
2274 1929 2447 1973 disce-

267 2022 473 2079 derent,
521 2019 667 2065 dedit
704 2019 788 2063 illi
817 2017 991 2087 Comes
1025 2017 1245 2064 securim
1279 2026 1533 2063 auratam
1569 2017 1725 2063 valde
1748 2017 2070 2077 pretiosam,
2117 2018 2236 2062 dein
2261 2018 2445 2064 intimo

269 2125 383 2157 cum
406 2123 584 2156 amore
606 2106 952 2153 discedebant.
1009 2106 1360 2151 Geirmundus
1384 2106 1522 2151 clam
1537 2106 1744 2166 fundos
1770 2122 1889 2151 suos
1918 2107 2153 2165 elocavit,
2189 2106 2287 2151 sibi
2311 2107 2447 2152 enim

262 2204 625 2264 pnoposuerat
657 2212 719 2242 ea
754 2203 940 2241 oestate
976 2195 1031 2240 in
1072 2195 1226 2241 Olavi
1262 2195 1387 2241 navi
1432 2196 1507 2240 ad
1546 2195 1849 2241 Islandiam
1885 2194 2167 2256 proficisci.
2264 2197 2448 2241 Omnes

266 2284 373 2335 hoc?
408 2286 643 2333 homines
677 2285 962 2341 celaverat,
1027 2299 1118 2328 nec
1161 2283 1357 2329 Olavus
1389 2284 1594 2346 aliqvid
1634 2284 1736 2330 lzac
1779 2285 1841 2330 de
1876 2299 1932 2330 re
1977 2283 2131 2330 scivit
2170 2292 2447 2347 anteqvam

270 2376 624 2425 Geirmundus
664 2388 788 2436 opes
825 2388 952 2419 suas
992 2373 1069 2419 ad
1111 2373 1265 2420 Olavi
1307 2374 1483 2421 navim
1525 2362 1846 2437 deportaret.
1940 2373 2109 2428 Multi
2132 2374 2292 2434 fuere
2331 2375 2448 2422 tlte-

267 2465 434 2515 sauri.
510 2464 653 2511 Tunc
679 2463 902 2511 Olavus:
934 2461 1216 2508 noluissem
1237 2470 1287 2508 te
1308 2479 1435 2509 sane
1457 2464 1511 2510 in
1531 2480 1649 2510 mea
1681 2463 1804 2511 navi
1823 2461 2079 2509 abducere
2108 2464 2155 2509 si
2175 2465 2272 2510 lzoc
2295 2465 2450 2527 prius

268 2555 542 2604 scivissem.
619 2553 781 2600 Credo
807 2552 942 2598 enim
971 2553 1216 2616 qvosdam
1242 2568 1351 2597 esse
1376 2552 1431 2597 in
1452 2553 1727 2612 Islandia,
1765 2552 1942 2617 qvibus
1966 2553 2219 2616 optimum
2229 2555 2380 2616 foret
2403 2563 2452 2601 te

269 2661 531 2709 nunqvam
557 2643 868 2705 conspicere.
954 2640 1206 2686 Caeterum
1239 2657 1351 2686 cum
1368 2641 1486 2703 jam
1519 2644 1686 2688 tantis
1725 2660 1838 2690 cum
1869 2643 2055 2706 opibus
2076 2645 2178 2691 Iiuc
2205 2645 2450 2691 advenis·—

271 2751 376 2791 ses,
402 2735 524 2781 nolo
557 2741 606 2779 te
632 2731 1056 2796 qvemadmodum
1091 2730 1325 2776 alienum
1358 2747 1536 2777 canem
1557 2732 1778 2797 abigere.
1854 2734 2203 2780 Geirmundus
2227 2750 2451 2795 respon-

274 2823 456 2872 debat:
504 2824 612 2870 Nec
648 2837 740 2884 ego
785 2816 853 2867 ab
886 2821 1089 2866 ‘itinere
1124 2821 1402 2880 desistam,
1435 2821 1744 2868 etiamsi'tu
1780 2824 2001 2869 duriora
2033 2823 2189 2870 verba
2218 2822 2452 2880 adhibes,

274 2930 397 2961 nam
435 2929 526 2975 ego
567 2912 622 2957 in
655 2919 832 2959 vestra
857 2910 981 2957 navi
1013 2918 1352 2956 commeatum
1388 2910 1625 2956 nancisci
1655 2912 1825 2974 cupio.
1922 2914 2117 2959 Olavus
2153 2929 2265 2959 cum
2301 2913 2454 2960 sociis

274 3002 449 3051 navim
467 3000 854 3059 conscendebat,
885 3000 1001 3049 vela
1026 3001 1172 3047 dedit
1193 3000 1439 3059 invaltum
1459 3008 1706 3064 ventoqve
1735 3003 1958 3048 secundo
1977 3002 2190 3062 ferente
2219 3004 2274 3049 in
2291 3003 2452 3052 Brei-

276 3080 580 3154 dafj’ordum
608 3090 863 3152 pervenit.
945 3091 1013 3137 In
1050 3090 1181 3136 ostio
1207 3090 1453 3152 fluminis
1477 3091 1635 3137 Laxa
1654 3092 1962 3153 ponticulos
1991 3092 2046 3138 in
2073 3101 2268 3141 terram
2295 3094 2457 3156 ejece-

274 3188 414 3228 runt.
497 3179 674 3243 Ligna
720 3181 916 3230 Olavus
948 3179 1003 3227 in
1042 3188 1239 3229 terram
1272 3180 1549 3244 asportari
1565 3179 1790 3243 jubebat
1817 3181 2085 3248 navimqve
2119 3182 2369 3234 subduxit
2400 3180 2455 3227 in

557 3279 561 3281 ’
2152 3275 2194 3320 Ρ
