2956 3854
1574 235 1694 286 XVI

576 402 701 467 vol.
743 415 795 469 4.
844 402 1083 486 praefat.
1122 422 1188 486 p.
1213 404 1394 482 v1):”
1439 403 1951 464 Laxdaelensium
1988 403 2260 466 historia
2299 407 2491 468 etiam
2532 429 2712 494 egre.-

571 504 707 584 gia,
785 502 1122 581 speciatim
1185 502 1367 583 Prior
1433 501 1566 583 'ejus
1617 522 1797 583 parS,
1893 523 2026 585 qvae
2086 503 2156 561 in
2210 500 2502 583 plurimis
2555 509 2708 590 Eyr-

576 597 881 680 byggensi
926 618 1062 656 non
1100 597 1369 660 inferior
1409 599 1732 660 censenda
1774 612 1884 659 est.
2010 602 2083 659 In
2124 603 2488 683 posteriore
2526 624 2705 680 vern,

572 714 704 775 qvae
751 691 992 753 aBollii
1015 694 1205 755 Bollii
1242 694 1359 756 filii
1403 699 1537 759 vita
1578 701 1942 779 computari
1979 711 2228 778 potest,
2276 696 2456 759 haud
2476 711 2709 783 parum

573 789 934 874 degenerat,
975 794 1250 853 maxime
1288 796 1358 852 in
1405 791 1869 877 Chronologia,
1915 809 2309 876 qvapropter
2348 796 2520 859 hanc
2558 816 2708 880 par-

571 901 702 950 tem
742 888 821 949 ab
865 887 993 950 alio
1037 905 1300 952 auctore
1334 904 1487 975 post
1519 904 1798 951 assutam
1840 909 1978 949 esse
2015 892 2369 970 suspicorss!
2671 940 2675 943 ,

835 989 1006 1048 Huic
1078 991 1159 1050 de
1208 987 1431 1051 indole
1479 993 1536 1052 81
1588 988 1970 1049 auctoritate
2025 982 2300 1047 historiae
2354 987 2712 1051 Laxdalena

574 1086 741 1145 sium
799 1083 1230 1168 disqvisitioni
1273 1084 1468 1149 finem
1527 1086 1952 1170 imponimuS,
2042 1085 2345 1145 notitiam
2386 1086 2712 1148 subsidio-

573 1201 749 1258 rum,
839 1184 1063 1263 qvibus
1110 1186 1179 1243 in
1216 1187 1519 1268 praesenti
1567 1182 1853 1245 editione
1902 1181 2283 1242 adornanda
2321 1186 2423 1244 usi
2466 1204 2708 1260 sumne,

571 1276 804 1338 lectori
852 1281 1243 1343 exhibentes.
1377 1281 1664 1343 Eandem
1706 1300 1783 1341 ac
1820 1281 1889 1339 in
1928 1280 2256 1361 prioribus
2295 1277 2712 1343 historiarum

574 1372 1031 1438 islandicarum
1081 1378 1509 1457 editionibus,
1589 1380 1795 1440 secuti
1834 1397 2053 1437 sumus
2092 1377 2498 1450 methodum,
2575 1392 2713 1441 tex-

575 1486 711 1532 tum
775 1494 1010 1557 nempe
1061 1475 1144 1536 ad
1194 1476 1510 1539 Codicem
1555 1475 2094 1559 praestantissimae
2152 1478 2210 1537 &
2258 1478 2711 1558 antiq-vissimae

576 1584 745 1630 notae
787 1573 1243 1635 concinnando
1285 1580 1342 1636 δε
1384 1574 1849 1654 discrepantias
1891 1573 1961 1629 in
2004 1572 2244 1632 caeteris
2287 1571 2715 1645 codicibus&

579 1668 970 1752 apographis
1021 1687 1467 1748 occurrenteS,
1551 1670 1755 1731 textui
1801 1667 2272 1752 subjungendo.
2362 1666 2716 1730 Perlustra-

580 1766 659 1825 tis
713 1769 908 1850 igitur
947 1767 1249 1830 subsidiis
1294 1769 1747 1850 manuscriptis
1789 1767 1859 1825 in
1901 1763 2299 1828 bibliotheca
2327 1768 2715 1852 Arna-Mag-

579 1883 806 1923 naeana
866 1866 1106 1942 obviis,
1201 1888 1430 1950 agmen
1494 1866 1730 1926 ducere
1790 1861 1984 1923 nobis
2034 1872 2168 1924 visa
2229 1878 2324 1925 est
2372 1865 2714 1925 notissima

581 1963 638 2020 δε
690 1959 995 2045 elegantis
1046 1967 1378 2046 scripturae
1434 1962 1811 2022 membrana
1858 1961 1943 2019 ΝΕ)
1994 1975 2101 2026 132
2140 1963 2212 2019 in
2248 1959 2443 2038 folio,
2538 1982 2715 2023 com-

577 2055 794 2138 plures
856 2062 1197 2120 continens
1259 2061 1562 2120 historias
1622 2053 1999 2130 islandicas,
2090 2059 2259 2117 inter
2317 2079 2469 2140 qvas
2528 2059 2717 2142 Viga-

581 2151 808 2235 glumi,
895 2154 1090 2240 Egilli
1147 2155 1606 2240 Skallagrimii,
1691 2150 2012 2235 Fimbo‘gii
2069 2153 2353 2233 robusti,
2442 2174 2717 2237 qvorum

758 2385 963 2433 ordinem
989 2388 1226 2448 redigenda
1252 2393 1357 2436 est.”
1435 2388 1535 2452 Ipse
1564 2388 1766 2434 Torfaeus
1793 2387 1841 2430 in
1870 2384 2010 2429 hocce
2036 2382 2200 2443 judicio
2225 2383 2411 2431 ferendo
2439 2383 2560 2431 haud
2583 2384 2718 2432 dubie

758 2460 882 2503 vario
911 2460 1044 2504 modo
1075 2459 1362 2506 hallucinatus
1389 2473 1466 2506 est.
1554 2461 1687 2504 Ponit
1711 2473 1871 2519 nempe
1896 2453 2124 2500 Gellerem
2154 2471 2267 2500 anno
2300 2458 2481 2502 MXXV
2510 2455 2717 2504 undecim

760 2543 898 2573 annos
940 2543 1091 2576 natum
1134 2530 1251 2574 haud
1291 2531 1497 2588 legationi
1531 2527 1742 2575 obeundae
1776 2529 1907 2572 fuisse
1935 2535 2171 2571 maturum.
2265 2527 2356 2571 Sed
2388 2541 2503 2571 anno
2534 2527 2718 2574 MXXV

761 2596 920 2645 Geller
950 2614 1043 2646 erat
1074 2600 1393 2655 duodecennis,
1426 2615 1567 2661 neqve
1599 2600 1812 2654 legatione
1844 2595 2100 2654 fungebatur
2129 2594 2205 2640 sed
2233 2595 2399 2641 obsidis
2429 2594 2530 2642 loco
2561 2595 2617 2640 ad
2639 2611 2717 2641 re-

761 2684 861 2725 gem
886 2672 1164 2726 mittebatur,
1223 2670 1383 2716 deinde
1406 2686 1504 2714 cum
1533 2667 1734 2715 mandato
1767 2668 1907 2724 regis,
1944 2665 2057 2711 forte
2084 2681 2184 2710 cum
2210 2663 2367 2710 litteris
2397 2668 2513 2723 ejus,
2546 2666 2603 2711 ad
2630 2683 2717 2728 pa-

760 2740 888 2784 triam
928 2757 1128 2788 reversus
1170 2753 1247 2787 est.
1340 2743 1557 2786 Praeterea
1594 2739 1728 2785 sumit
1756 2736 1983 2791 Torfaeus,
2040 2734 2143 2781 licet
2181 2738 2229 2780 in
2255 2737 2508 2780 narratione
2537 2736 2716 2781 Snorrii

763 2810 1019 2867 subsistens,
1079 2810 1354 2857 Thorkelem
1382 2828 1497 2856 anno
1529 2811 1710 2856 MXXV
1736 2823 1886 2865 regem
1911 2808 2095 2851 Olavum
2120 2804 2297 2861 adiisse,
2352 2806 2400 2851 id
2429 2821 2536 2851 vero
2567 2817 2718 2868 aperte

762 2894 981 2940 repugnat
1019 2883 1204 2928 Snorrio
1243 2883 1477 2935 asserenti,
1541 2880 1661 2941 qvod
1702 2879 1788 2941 ipsi
1828 2878 2055 2939 optimates
2096 2878 2144 2920 in
2181 2875 2369 2922 Islandia
2408 2875 2718 2929 remanserint,

762 2947 878 2994 filios
910 2967 1016 2997 vero
1048 2969 1149 2998 suos
1176 2950 1229 2994 ad
1256 2968 1402 3010 regem
1432 2951 1646 2995 miserint.
1739 2951 1791 2994 In
1819 2948 1972 2992 eadem
2002 2949 2159 3009 pagina
2189 2947 2392 2992 Torfaem
2424 2947 2539 2992 miro
2565 2960 2719 2990 errore

763 3016 989 3064 Gellerem
1016 3023 1113 3066 Arii
1145 3019 1435 3081 Polyhistoris
1477 3033 1645 3082 patrem
1676 3030 2028 3081 nuncupaverat,
2091 3016 2196 3064 licet
2227 3018 2330 3064 satis
2357 3026 2529 3064 constat
2560 3013 2720 3066 Gellee

768 3104 865 3134 rem
891 3090 1020 3147 hujus
1053 3091 1151 3136 Arii
1181 3093 1313 3138 fuisse
1340 3108 1470 3138 avum
1500 3103 1746 3152 paternum·
