2956 3854
1280 226 1401 283 147
1427 308 1447 312 ‚⁸

250 415 465 449 causam
489 397 618 445 aliis
639 396 1007 460 relinqvamus,
1037 392 1176 442 brevi
1188 391 1322 443 enim
1336 390 1568 438 Kotkelli
1589 390 1785 437 accoloe
1804 396 2030 437 recentes
2049 406 2162 437 cum
2184 391 2278 438 illo
2299 393 2415 439 lites

249 489 633 541 nanciscentur
647 484 698 534 &
731 486 852 549 inde
881 483 1078 546 quidem
1107 480 1433 529 Thorleikus
1440 477 1617 542 (haud
1637 492 1764 528 sane
1789 477 2096 544 immerito),
2126 482 2414 528 maximum

249 580 496 626 damnum
519 576 712 653 capiet,
742 572 989 653 multique
1012 571 1164 630 illum
1193 570 1301 616 cito
1326 571 1562 616 deserent
1586 568 1759 627 amici,
1785 569 1866 632 qvi
1887 577 2047 615 antea
2072 571 2303 616 studium
2329 570 2413 616 illi

248 651 532 716 navarunt.
571 665 674 718 Sed
685 672 858 718 tamen
873 660 1021 707 nullo
1034 660 1185 706 modo
1195 675 1284 707 vos
1298 639 1571 705 dehortari
1591 658 1832 718 conabor,
1857 674 1919 704 ne
1935 658 2100 703 tantis
2111 660 2413 705 Kotkellum

247 771 448 823 eJusqve
458 750 739 814 familiam
764 730 925 796 malis
944 728 1247 812 adjiciatis,
1285 748 1496 832 quantis
1517 746 1659 794 vobis
1680 744 1845 807 lubet,
1882 746 1929 792 si
1951 748 2096 793 intra
2119 755 2223 793 tres
2243 764 2411 793 annos

246 840 386 891 nulli
407 841 508 888 alii
533 858 617 888 eos
640 849 736 886 aut
748 854 897 903 pago
924 838 1221 902 expulerint
1242 844 1339 884 aut
1361 832 1568 884 omnino
1591 834 1964 896 interfecerint.
2038 836 2296 882 Gudruna
2321 844 2414 882 at·-

245 920 338 996 qve
363 931 512 978 illius
528 931 734 991 fratres
767 946 820 976 se
849 929 934 975 illi
967 929 1106 975 dicto
1129 927 1402 973 audientes
1422 927 1551 985 fore
1572 924 1947 987 promiserunt.
2017 925 2290 970 Kotkellus
2315 926 2414 970 do-

243 1019 476 1067 mesticis
504 1019 746 1081 operibus
781 1018 930 1063 haud
960 1017 1201 1063 multam'
1225 1016 1422 1078 qvidem
1457 1020 1638 1059 curam
1670 1012 1996 1074 impendenS,
2044 1027 2147 1072 per
2180 1012 2413 1073 hyemem

249 1117 423 1169 tamen
447 1124 538 1154 nec
557 1106 761 1169 pabulo
787 1121 877 1152 nec
901 1103 1124 1165 cibariis
1144 1103 1371 1149 emendis
1398 1118 1530 1164 opus
1556 1100 1758 1156 habuit.
1801 1099 2010 1147 Invisus
2033 1100 2229 1163 qvidem
2257 1116 2414 1147 acco—-

247 1197 340 1255 lis,
377 1205 551 1243 tamen
582 1193 847 1243 Thorleiki
870 1208 1059 1239 caussa
1083 1194 1229 1239 nemo
1253 1207 1414 1260 ausus
1435 1199 1513 1238 est
1533 1191 1701 1237 ullam
1724 1189 1771 1236 ei
1789 1189 2085 1236 molestiam
2110 1189 2317 1250 inferre.

1053 1353 1229 1412 CAP.
1269 1345 1597 1411 XXXVII.

513 1438 586 1509 In
609 1461 834 1509 comitiis
854 1460 1112 1525 publicis,
1168 1462 1392 1525 qvadam
1425 1467 1610 1507 aestate
1643 1456 1855 1517 accidit,
1886 1473 1999 1505 cum
2030 1458 2333 1505 leorleikus
2358 1458 2414 1505 in

246 1557 342 1598 s'uo
368 1551 658 1598 'consideret
687 1551 1115 1610 tabernaculo‚ut
1134 1567 1342 1612 magnae
1360 1558 1585 1595 staturae
1609 1548 1819 1611 qvidam
1844 1547 1995 1593 homo
2018 1546 2415 1593 tabernaculum

248 1639 490 1686 intraret.
562 1640 619 1684 Is
652 1639 982 1686 Thorleikum
1009 1638 1315 1698 salutabat,
1372 1638 1463 1683 ille
1489 1644 1663 1682 autem
1693 1635 1894 1698 excepit
1922 1635 2298 1681 salutationem
2324 1652 2416 1683 ro—

243 1729 512 1791 gavitque,
549 1727 635 1791 qvi
658 1727 810 1774 homo
834 1725 1006 1774 esset?
1043 1729 1280 1790 Qvodqve
1306 1726 1394 1771 illi
1415 1722 1637 1772 nomen?
1671 1723 2090 1786 IlleEldgrimus
2112 1723 2211 1769 sibi
2233 1741 2416 1771 nomen

243 1816 619 1880 profitebatur,
652 1815 1018 1862 habitaculam
1045 1825 1221 1863 autem
1256 1817 1310 1862 in
1337 1815 1471 1862 villa
1492 1814 1883 1876 Eldgrimstadi
1903 1822 2118 1869 vocata,
2154 1829 2215 1859 ea
2241 1822 2415 1859 autem

250 1906 385 1955 villa
418 1905 524 1951 sita
560 1913 639 1951 est
676 1905 730 1950 in
761 1905 920 1964 valli,
986 1922 1098 1969 qvae
1128 1920 1308 1952 versus
1345 1904 1662 1951 occidentem
1688 1903 1825 1948 inter
1851 1881 2060 1948 Malum
2097 1911 2251 1964 atqve
2285 1903 2415 1948 G-ri-

253 1983 566 2055 sartu'ngam
590 1993 644 2038 in
673 2002 871 2038 montes
893 1994 1151 2055 flectitur.
1226 1993 1283 2040 V
1277 1993 1379 2037 alli
1387 1993 1508 2055 jam
1532 1990 1827 2037 Grimsdali
1848 2006 2046 2035 nomen.
2112 1991 2416 2036 Thorleikus

251 2081 413 2128 dixit:
453 2081 680 2127 Tantum
695 2097 820 2126 sane
837 2082 961 2130 dete
974 2082 1288 2135 audivimus,
1324 2088 1383 2125 ut
1398 2088 1445 2125 te
1470 2079 1641 2126 virum
1658 2094 1763 2125 esse
1787 2077 1935 2123 haud
1958 2077 2152 2141 qvidem
2173 2079 2415 2140 pusilla-

252 2170 442 2218 nimem
469 2178 788 2231 compertum
820 2169 1119 2217 habeamus.
1198 2169 1506 2230 Eldgrimus
1537 2167 1701 2212 dixit:
1751 2167 1886 2212 Eam
1923 2165 1983 2212 ob
2015 2183 2231 2212 causam
2264 2168 2338 2212 ad
2369 2175 2417 2212 te

250 2259 393 2316 oeni,
440 2261 572 2322 qvod
596 2259 809 2305 eximios
833 2259 954 2304 illos
978 2274 1154 2320 eqvos,
1202 2273 1323 2318 qvos
1360 2255 1458 2301 tibi
1486 2255 1762 2302 Kotkellus
1787 2256 2036 2317 proxima
2074 2265 2198 2303 ante
2233 2264 2417 2302 aestate

254 2348 429 2406 dedit,
468 2363 508 2391 a
543 2356 591 2393 te
625 2362 789 2394 emere
821 2346 990 2409 cupio.
1070 2345 1375 2391 Thorleikus
1401 2344 1562 2390 dixit:
1606 2345 1703 2390 Illi
1733 2345 1843 2407 eqvi
1868 2345 2022 2410 ⁴haud
2049 2347 2257 2393 venales
2281 2354 2416 2392 sunt.

257 2435 351 2495 Cui
371 2435 702 2498 Eldgrimus:
751 2436 872 2495 Tot,
918 2434 1113 2497 inqvit,
1159 2449 1252 2495 ego
1277 2432 1372 2478 tibi
1395 2449 1542 2496 equos
1569 2431 1729 2496 offero
1757 2430 1808 2480 ὃς
1835 2442 2008 2480 tamen
2023 2436 2266 2497 pecuniae
2293 2443 2421 2481 tan-

258 2532 368 2571 tum
395 2525 616 2582 addam,
654 2532 714 2569 ut
741 2525 924 2570 multis
955 2524 1200 2571 videatur
1232 2539 1312 2569 me
1345 2523 1541 2584 duplex
1573 2520 1767 2584 afferre
1793 2523 2040 2585 pretium.
2118 2524 2422 2571 Thorleikus

191 2621 193 2623 ’
256 2604 420 2660 dixit:
467 2613 662 2660 Nullus
693 2630 785 2675 ego
819 2629 931 2659 sum
952 2589 1292 2674 foenerator,
1340 2611 1468 2657 istos
1499 2611 1634 2656 enim
1667 2628 1928 2675 nunqvam
1953 2629 2248 2677 conseqvere
2274 2629 2423 2675 eqvos

258 2702 416 2749 etiam
433 2702 478 2747 si
493 2703 688 2764 triplex
699 2702 830 2748 mihi
834 2703 1067 2765 pretium
1084 2700 1346 2748 obtuleris.
1383 2700 1688 2762 Eldgrimus
1702 2702 1861 2748 dixit:
1886 2704 1961 2748 Tu
1988 2719 2110 2750 vero
2137 2703 2218 2749 vir
2241 2701 2422 2762 magni

259 2780 508 2855 spiritu-2:
524 2807 614 2837 nec
621 2792 818 2854 parum
823 2792 1095 2854 pervicax,
1125 2787 1385 2854 &qvidem
1410 2789 1606 2848 vellem,
1636 2799 1695 2836 ut
1714 2791 1886 2837 minus
1910 2791 2172 2852 acceperis
2188 2790 2423 2852 pretium

261 2895 409 2942 qvam
430 2880 489 2927 'id
509 2882 638 2943 qvod
665 2898 756 2943 ego
768 2882 887 2944 jam
917 2880 1081 2928 obtuli
1103 2877 1154 2927 ὃς
1175 2889 1348 2926 tamen
1367 2895 1514 2942 eqvos
1537 2880 1818 2925 amitteres.
1896 2880 2200 2926 leorleikus
2220 2881 2299 2925 ad
2313 2879 2424 2925 hoec

264 2969 408 3016 dicta
443 2971 664 3015 multum
695 2970 926 3030 erubuit,
976 2979 1175 3032 tumqve
1205 2969 1366 3015 dixit:
1401 2968 1638 3030 Longius
1672 2968 1782 3024 tibi,
1813 2968 2116 3030 Eldgrime!
2159 2969 2260 3015 erit
2285 2983 2422 3030 pro-

261 3057 628 3121 grediendum,
687 3060 733 3104 si
760 3061 890 3106 miln·
920 3076 1066 3123 eqvos
1086 3060 1148 3106 fvi
1181 3067 1474 3121 extorquere
1496 3058 1551 3102 in
1574 3055 1751 3102 animo
1774 3066 1863 3121 est.
1934 3058 2237 3122 Eldgrimus
2266 3057 2425 3102 dixit:

273 3145 389 3194 Tibi
425 3162 624 3208 parum
666 3148 908 3195 credibile
937 3149 1144 3196 videtur
1189 3157 1268 3195 me
1311 3146 1631 3210 superiorem
1666 3146 1820 3207 fore,
1896 3163 2069 3195 verum
2121 3156 2293 3193 tamen
2329 3146 2430 3191 hac

2074 3237 2167 3283 '1¹2
