2956 3854
1236 260 1359 321 379

209 433 486 490 indiciam,-
524 432 670 478 liccztcl
696 439 870 478 tamen
895 428 1084 475 miram
1113 434 1204 483 est,
1239 427 1283 473 si
1312 427 1470 473 talem
1500 428 1801 475 violentiam
1827 428 2004 491 aliqva
2015 429 2220 488 fraude
2237 446 2381 478 com-

199 540 431 588 pensem.
524 521 678 566 Nunc
711 520 785 564 ad
811 534 955 565 mare
977 532 1278 580 pergamus,
1317 516 1454 562 dixit
1495 518 1810 564 work-illus.
1895 518 1976 563 Sit
2008 534 2136 564 sane
2163 520 2258 577 ita,
2291 536 2379 566 re·-

207 611 424 677 spondit
444 608 731 658 Sveinkius.
803 608 945 654 Dein
970 606 1036 654 ab
1060 605 1355 655 subversum
1378 606 1650 669 navigium
1674 615 2042 670 pervenerunt.
2131 608 2379 654 Thorkil-

207 679 297 749 lus⁸
311 701 476 749 dixit:
515 698 746 745 occultus
772 697 972 760 qvidem
1000 696 1092 744 sul)
1116 697 1240 745 navi
1270 699 1412 743 locus
1433 704 1522 742 est.
1596 696 1863 745 Sveinkizts
1891 697 2191 759 respondit:
2239 699 2379 746 soleo

202 789 438 852 suh-navi
457 777 791 834 armamenta
809 802 1020 834 servare
1033 787 1275 845 navalia,
1304 786 1425 850 qvid
1447 793 1622 832 autem
1639 783 1812 832 obstat
1833 802 1925 832 car
1939 786 2133 850 aliqvis
2153 790 2379 834 vestrum

205 896 391 929 navem
419 877 602 925 subeat
614 893 679 923 ac
699 873 959 939 exploret5
1001 874 1144 923 alias
1164 884 1360 940 egomet
1388 870 1581 932 subibo,
1619 873 1664 920 si
1705 874 1778 920 acl
1803 874 1900 921 lzoc
1921 875 2065 923 vobis
2088 868 2229 922 dees't
2251 875 2379 923 ani-

205 984 348 1031 mus,·
379 959 588 1031 'tamqve
608 967 722 1029 ipse
743 963 905 1012 subiit
929 965 1117 1023 navim.
1190 965 1257 1013 In
1285 966 1458 1012 eodem
1477 973 1733 1011 momento
1766 945 2068 1012 Thorkillus
2088 964 2247 1010 hasta
2284 965 2378 1011 sab

205 1075 391 1107 navem
409 1063 663 1120 porrecta
680 1054 858 1116 femur
883 1055 1138 1101 Gunnaro
1155 1054 1334 1114 feriit,
1355 1070 1447 1116 qvo
1475 1062 1766 1114 conspecto,
1790 1053 2061 1100 Sveinkius
2084 1055 2255 1099 cultro
2278 1053 2378 1099 sibi

203 1147 467 1196 sauciavit
478 1149 656 1208 femur
680 1144 1002 1205 cultrnmqve
1026 1142 1103 1188 ita
1122 1143 1176 1187 in
1202 1143 1414 1189 vulnere
1438 1140 1636 1188 rotavit
1661 1157 1725 1184 ac
1749 1140 1795 1185 si
1807 1140 1966 1186 hasta
1980 1140 2182 1200 fuisset
2197 1142 2379 1187 sauci-

202 1246 341 1293 atus,
368 1251 573 1299 cumqve
586 1237 771 1280 rursus
779 1231 1087 1293 proveniret
1109 1230 1187 1277 ita
1206 1230 1411 1278 locutus
1430 1237 1534 1275 est:
1569 1229 1717 1275 Izaud
1728 1246 1855 1276 sane
1875 1230 2125 1278 videmini
2143 1231 2380 1278 mihimet

199 1326 258 1374 in
272 1326 374 1374 hac
385 1321 751 1387 exploratione
757 1321 1070 1385 peperci-sse,
1085 1320 1330 1380 necsoret
1347 1319 1442 1366 hoc
1455 1319 1698 1378 inultum,
1714 1319 1760 1363 si
1774 1333 1887 1364 cam
1903 1319 2094 1381 aeqvali
2105 1328 2236 1365 esset
2250 1336 2379 1367 con-

203 1403 534 1464 tendendum.⁴
591 1411 893 1458 Thorkillus
910 1409 1072 1456 dixit.-
1108 1426 1213 1456 non
1225 1409 1426 1473 qvidem
1442 1417 1490 1455 te
1511 1409 1693 1454 laesum
1716 1408 1887 1467 volai5
1923 1408 2011 1455 'vix
2029 1416 2202 1455 tamen
2215 1410 2380 1463 intel-j

204 1505 433 1567 ligimus,
452 1517 692 1566 qvaenam
715 1499 836 1545 huic
856 1498 933 1545 rei
957 1498 1122 1547 insint
1130 1499 1439 1562 proestigiae.
1474 1498 1680 1546 Deinde
1700 1499 1775 1544 ad
1791 1498 1975 1547 villam
1991 1499 2260 1545 redierant
2275 1499 2378 1545 ite-

203 1609 320 1642 rum
334 1609 423 1656 qve
438 1594 789 1655 explorarunt
811 1596 1011 1654 tumqve
1034 1587 1237 1636 demum
1255 1589 1546 1638 discessere.
1601 1588 1745 1635 Tunc
1766 1588 1902 1635 dixit
1925 1589 2193 1637 Sveinkins
2223 1588 2376 1635 Gun-

203 1699 363 1732 naro:
382 1682 624 1743 hincjam
643 1678 790 1727 nobis
802 1678 904 1725 erit
916 1676 1210 1726 abeundum
1231 1672 1282 1726 8<
1299 1694 1412 1726 eum
1427 1677 1670 1740 deinceps
1684 1679 1757 1724 ad
1766 1676 1963 1738 foenile
1978 1679 2210 1740 deduxit,
2230 1695 2377 1726 sam-

179 1763 181 1765 *
202 1770 369 1835 sitque
372 1771 591 1832 foenum
617 1785 644 1816 e
653 1767 812 1829 foeni
835 1769 1058 1825 cumulo,
1068 1765 1155 1832 qvi
1180 1776 1290 1815 tum
1314 1775 1434 1815 erat
1462 1775 2015 1832 concavatus‚eumqve
2038 1784 2239 1815 summa
2264 1783 2380 1814 cnm

202 1874 332 1908 cura
360 1858 660 1906 occultavit.
705 1858 745 1903 Ἰ
748 1853 1007 1904 horkillus
1032 1859 1221 1903 iterum
1244 1872 1483 1903 reversus
1506 1858 1582 1902 ad
1599 1857 1798 1916 foenile
1817 1859 2074 1918 pervenit.
2113 1858 2381 1903 Sveinkizcs

201 1938 575 2008 circafoenam
604 1946 845 1992 sordibus
865 1946 1158 1993 everrendis
1180 1953 1495 2007 occupatus,
1523 1946 1736 2007 rogavit
1759 1961 1995 2007 qvoenam
2017 1955 2148 1992 esset
2171 1946 2381 1993 itineris

203 2037 365 2094 ratio,
380 2051 548 2098 anqve
559 2035 712 2082 nulla
714 2035 914 2094 futura
942 2043 1076 2081 esset
1096 2035 1416 2097 explorandi
1423 2033 1569 2095 finis.
1624 2034 1925 2081 Thorkillus
1939 2035 2148 2097 negavit
2172 2053 2223 2083 se
2247 2037 2381 2083 scire

205 2144 303 2193 qva
317 2126 521 2188 fraude
545 2124 1020 2183 circumveniretur,
1043 2140 1133 2170 nec
1157 2123 1293 2169 dixit
1317 2122 1415 2168 sibi
1433 2124 1649 2185 placere
1676 2140 1790 2171 eum
1817 2141 1843 2171 e
1869 2125 2037 2173 medio
2064 2126 2248 2172 tollere
2273 2125 2380 2172 nisi

205 2215 495 2279 replanius
510 2222 791 2277 comperta.
861 2214 1134 2262 Sveinkias
1162 2214 1299 2259 dixit
1312 2230 1327 2259 .·
1349 2213 1631 2260 verisimile
1643 2223 1721 2259 est
1745 2217 1880 2278 qvod
1893 2224 2076 2263 memet
2092 2216 2381 2275 trucidetis,

204 2307 302 2370 lzoc
326 2314 500 2365 tamen
525 2304 580 2350 in
608 2302 878 2350 innocente
905 2301 1062 2351 nimis
1088 2311 1273 2350 temere
1283 2303 1500 2362 factum
1513 2302 1914 2366 judicabitur&
1934 2290 2135 2367 qvidem
2160 2306 2382 2367 aliqvem

203 2393 485 2446 immolabo
516 2399 792 2456 anteqvam
819 2399 1151 2456 prosternar.
1247 2387 1389 2438 Dein
1426 2392 1511 2437 illi
1535 2390 1724 2443 abiere.
1809 2394 1931 2440 Jam
1956 2395 2092 2442 dixit
2114 2394 2382 2442 Sveinkius
2428 2412 2430 2414 ·

203 2484 497 2541 Gunnaro:
534 2480 703 2543 Nunc,
739 2497 835 2547 qva
862 2482 1008 2531 boves
1024 2498 1128 2546 per
1150 2479 1314 2528 nivem
1329 2482 1581 2541 fecerunt
1612 2479 1851 2553 semitam
1891 2482 1966 2529 ad
1993 2501 2138 2531 mare
2170 2485 2385 2530 descen-
2421 2543 2423 2545 ι

208 2574 413 2635 demus5
450 2588 546 2636 qvo
566 2572 656 2619 ubi
681 2581 888 2621 ventum
914 2580 1021 2631 est,
1057 2570 1324 2619 Sveinkias
1346 2572 1661 2619 Gannarum
1686 2572 1760 2618 sic
1785 2572 2106 2636 alloqvitur:
2148 2589 2386 2638 parvam

200 2663 290 2711 liic
314 2663 545 2710 insulam
567 2676 741 2724 prope
770 2669 969 2708 terram
1005 2659 1266 2723 conspicis
1275 2677 1294 2721 ,-
1333 2661 1489 2706 nanti
1522 2679 1579 2708 eo
1612 2663 1894 2725 pervenire
1916 2665 2167 2724 arduum,
2204 2660 2386 2709 saucio

205 2752 518 2815 periculum,
555 2760 796 2813 optarem
822 2758 1012 2807 tamen,
1046 2751 1093 2797 si
1105 2766 1302 2813 posseS,
1338 2758 1398 2795 zct
1420 2766 1476 2795 eo
1495 2758 1886 2809 transnatares,
1912 2771 2003 2815 ego
2021 2770 2139 2801 vero
2162 2761 2208 2798 te
2230 2767 2386 2813 repe-

211 2849 340 2900 tam,
377 2841 579 2904 qvando
606 2849 775 2886 tatum
796 2841 909 2887 erit.
985 2841 1273 2886 Gannaras
1293 2839 1455 2885 dixit:
1504 2841 1727 2887 multam
1746 2841 1880 2887 mihi
1902 2858 1993 2887 nec
2022 2843 2189 2901 facile
2210 2855 2387 2886 remu-

211 2931 506 2979 nerandam
529 2927 903 2992 benignitatem
931 2929 1152 2988 exhibes,
1178 2944 1354 2977 verum
1376 2928 1472 2974 hoc
1493 2929 1624 2975 milii
1642 2931 2062 2992 periclitandum
2085 2917 2388 2993 judicarem

214 3021 260 3066 si
293 3020 374 3067 vel
409 3018 621 3081 longius
648 3027 778 3066 esset
814 3021 1126 3066 natandum.
1207 3018 1412 3066 Deinde
1444 3034 1558 3064 cum
1585 3018 1819 3065 omnibus
1852 3020 2019 3065 armis
2051 3020 2126 3065 ad
2158 3019 2391 3065 insulam

218 3107 618 3166 transnatavit,
657 3109 789 3170 qvod
811 3109 1009 3170 qvidem
1034 3108 1080 3155 ei
1102 3109 1254 3155 cessit
1280 3107 1401 3155 bene
1423 3103 1473 3153 8<
1493 3108 1540 3153 si
1574 3107 1802 3155 membra
1819 3108 2030 3171 frigore
2058 3109 2233 3172 rigida
2267 3114 2391 3153 sunt

205 3199 400 3261 facta}
450 3205 651 3261 tumqve
689 3196 930 3245 decubuit
966 3195 1016 3243 8<
1047 3199 1204 3260 ejecto
1244 3198 1298 3245 in
1346 3199 1508 3246 litora
1531 3197 1667 3259 fuco
1698 3214 1804 3246 sese
1837 3197 2056 3244 obruens
2096 3214 2202 3246 sese
2240 3204 2392 3250 cntra

1905 3289 1945 3338 B
1975 3289 2004 3334 b
2031 3289 2062 3334 b
2096 3302 2122 3334 2
