2956 3854
1291 223 1370 281 39

244 393 328 444 illi
371 399 514 450 erat,
551 390 755 438 nomine
789 389 1019 443 Hallus,
1054 387 1206 433 homo
1243 400 1452 445 magnoe
1494 393 1716 432 statut-ce
1757 395 1910 449 atqve
1952 388 2088 450 spei,
2156 392 2242 436 sed
2285 407 2405 453 opes

239 483 484 539 deerant,
531 488 707 526 tamen
742 479 968 526 indolem
998 473 1350 537 ingenuiorem
1382 473 1571 532 inesse,
1624 475 1862 537 plerique
1901 475 2192 522 credebant.
2279 479 2403 524 Ho-

239 586 355 616 rum
373 570 621 631 fratrum
657 567 879 614 multum
912 563 1183 611 laboravit
1227 560 1520 607 concordia.
1617 563 1899 625 Ingjaldus
1943 564 2037 610 lzoc
2065 566 2402 627 potissimum

239 659 294 705 in
312 659 485 705 Hallo
518 651 951 718 reprehendebat,
1008 652 1144 714 qvod
1175 667 1280 696 sese
1304 665 1503 712 parum
1537 650 1612 696 ad
1636 650 1996 712 potentiorum
2035 655 2266 700 virorum
2289 672 2404 701 mo—

237 736 320 792 res
340 732 659 808 applicaret.
749 742 922 788 Hallo
959 748 1136 787 autem
1170 738 1445 786 videbatur
1469 739 1782 801 Ingjaldus,
1826 755 1950 785 suas
1987 756 2067 786 res
2087 758 2283 803 parum
2309 760 2404 790 cu-

235 838 357 880 rare
372 840 468 878 aut
488 833 563 877 ad
583 830 897 894 dignitatem
921 829 1182 876 extollere.
1264 829 1436 875 Locus
1473 836 1549 874 est
1571 828 1898 890 piscatorias
1932 828 1986 874 in
2008 830 2406 893 Breidajjordo‚

233 923 321 986 qvi
356 922 665 984 Bjarneyar
699 927 1036 985 nuncupatus
1076 926 1168 964 est.
1259 917 1453 963 Multoe
1497 916 1569 962 ibi
1610 916 1801 962 insulae
1840 912 1890 962 ὃς
1933 917 2044 962 illis
2087 919 2403 979 temporibus

234 1018 478 1074 capturae
509 1009 792 1055 admodum
826 1009 1051 1064 idoneoe5
1121 1004 1208 1051 lzic
1250 1004 1394 1052 locus
1433 1005 1655 1050 multum
1698 1004 2058 1066 piscatoribus
2081 1005 2404 1069 freqventa-

235 1099 394 1150 batur
442 1094 493 1144 ὃς
549 1096 732 1159 qvavis
779 1096 960 1158 hyeme
1006 1093 1290 1140 multitudo
1342 1109 1539 1154 magna
1591 1093 1860 1140 hominum
1915 1094 2101 1141 ibidem
2148 1099 2400 1144 convenit.

231 1186 425 1250 Magni
465 1185 522 1236 id
553 1185 749 1245 referre
773 1185 1064 1247 prudentes
1088 1183 1192 1229 viri
1218 1191 1496 1246 putavere,
1536 1190 1595 1227 ut
1634 1182 1690 1228 in
1722 1182 1850 1228 locis
1885 1183 2200 1246 piscatoriis
2227 1186 2400 1233 lzomi-

231 1291 320 1322 nes
356 1274 409 1320 in
438 1273 717 1320 concordia
751 1273 1167 1327 continerentur,
1226 1273 1380 1333 vulgo
1417 1271 1554 1317 enim
1596 1270 1904 1328 credebant,
1951 1273 2123 1318 minus
2151 1275 2400 1334 faustam

216 1362 345 1426 fore
360 1363 712 1426 piscaturam,
762 1363 808 1408 si
831 1354 1055 1408 dissidia
1078 1360 1421 1416 exorirentur,
1454 1361 1682 1422 plurimi
1703 1361 1880 1423 itaque
1907 1361 2012 1407 viri
2034 1363 2254 1409 multum
2284 1375 2401 1412 stu-

231 1453 387 1499 duere
420 1451 552 1513 paci
596 1451 885 1498 servandae.
1003 1449 1235 1495 Hallum
1266 1449 1505 1509 fratrem
1551 1447 1792 1511 Ingjaldi
1842 1449 2245 1513 Saudeyargodi
2286 1455 2399 1500 ali—

230 1541 440 1605 quando
481 1540 556 1585 ad
590 1534 1034 1602 Bjarneyas*)
1072 1538 1394 1599 piscationis
1437 1553 1626 1582 caussa
1669 1537 1867 1583 venisse
1910 1548 2254 1585 memoratum
2294 1552 2397 1604 est3

230 1631 324 1681 ille
357 1628 604 1684 navalem
630 1626 731 1672 sibi
765 1626 960 1672 socium
1006 1625 1271 1682 assumsit,
1306 1626 1478 1671 virum
1514 1624 1821 1683 Tliorols'um
1857 1626 2093 1681 nomine,
2139 1627 2398 1676 hominem

226 1717 731 1778 Breidjjo'rdensem,
798 1713 883 1760 cui
923 1729 1046 1775 opes
1073 1713 1198 1774 fere
1234 1713 1399 1759 nullae
1442 1729 1533 1758 nec
1568 1719 1739 1758 certus
1774 1713 1862 1757 lar
1875 1729 1893 1772 ,-
1951 1721 2124 1760 tamen
2161 1727 2277 1762 erat
2317 1721 2398 1766 vir

227 1817 318 1874 sat
350 1795 589 1869 impiger.
679 1802 763 1850 Ibi
802 1803 1006 1850 Hallus
1041 1817 1144 1865 per
1179 1802 1398 1864 aliqvod
1441 1790 1644 1863 tempus
1687 1810 2034 1847 commoratus
2079 1820 2184 1849 sese
2229 1823 2396 1869 supra

229 1898 368 1946 alios
387 1895 609 1961 multum
645 1892 893 1939 extollere
924 1891 1109 1954 coepit.
1188 1890 1404 1939 Accidit
1446 1906 1659 1952 vespere
1693 1891 1945 1953 qvodam,
1991 1901 2051 1937 ut
2078 1893 2282 1940 IIallus
2304 1907 2396 1942 at-

230 1985 323 2052 qve
351 1982 634 2043 Thorolfus
660 1981 734 2027 ad
767 1989 964 2026 terram
996 1981 1331 2042 appellerent
1365 1986 1847 2040 capturaqveesset
1884 1979 2183 2026 dividenda.
2266 1970 2394 2032 Tum

199 2071 467 2123 “Hdllus:
500 2079 550 2116 et
573 2079 854 2131 capturam
876 2068 1110 2115 dividere
1143 2076 1193 2114 et
1219 2068 1490 2128 portiones
1526 2067 1714 2128 eligere
1735 2066 1889 2124 velle,
1928 2084 2076 2130 seqve
2101 2070 2181 2113 uti
2198 2082 2394 2131 poten-

225 2164 415 2211 :tiorem
421 2160 587 2222 ferre.
665 2156 948 2216 leorolfus
981 2164 1158 2201 autem
1194 2154 1335 2200 nihil
1365 2171 1399 2200 a
1435 2170 1531 2200 sua
1568 2170 1624 2199 re
1654 2155 1842 2199 cedere.
1872 2162 2026 2216 atqve
2040 2157 2395 2215 ferocioribus

219 2252 312 2314 pti
345 2249 541 2306 verbis,
574 2254 707 2291 ·tum
731 2245 868 2289 inter
900 2259 985 2289 eos
1019 2241 1151 2288 oriri
1182 2241 1442 2287 contentio
1463 2250 1513 2288 et
1534 2223 1746 2304 uterque
1779 2243 2026 2303 opposita
2071 2251 2391 2296 contendere.

221 2340 363 2407 Τᾳῃι
377 2333 578 2396 Hallus
600 2331 903 2388 concisorio,
926 2331 1061 2393 qvod
1082 2330 1167 2376 illi
1190 2337 1308 2376 erat
1332 2331 1406 2376 ad
1431 2346 1660 2388 manum,
1688 2339 1928 2392 correpto
1958 2331 2207 2394 leorolfo
2232 2349 2397 2400 caput

229 2427 518 2494 impingere
556 2420 748 2482 voluit3
789 2421 912 2482 jam
940 2419 1268 2466 advenerunt
1315 2419 1401 2482 qvi
1431 2419 1807 2465 intercederent
1845 2419 2074 2467 Hallum
2106 2424 2395 2474 cohibentes

231 2503 323 2565 ille
342 2523 460 2563 vero
471 2497 715 2574 praeceps
743 2508 827 2555 irai
844 2508 1029 2568 fertur
1053 2525 1115 2553 ea
1139 2508 1248 2553 vice
1278 2516 1450 2557 lamen
1475 2507 1584 2553 sine
1605 2507 1715 2552 ullo
1740 2504 1940 2569 effectu,
1968 2526 2124 2572 neqve
2139 2521 2246 2559 tum
2262 2531 2396 2577 ⁰⁶²1)-

231 2614 354 2652 tura
380 2583 728 2649 dividebatur.
809 2598 1004 2645 Eodem
1037 2613 1247 2659 vespere
1298 2597 1344 2642 T
1339 2596 1580 2656 liorolf'us
1611 2595 1771 2654 abiit,
1815 2597 2018 2644 Hallus
2057 2617 2176 2647 vero
2201 2613 2395 2664 eaplu-
2432 2658 2434 2661 Ι

220 2705 364 2752 ram,
414 2703 525 2754 qvoe
563 2687 831 2750 utriusque
865 2702 993 2732 sane
1021 2694 1165 2743 erat,
1214 2693 1380 2731 totam
1397 2685 1540 2731 solus
1575 2685 1868 2746 occupavit.
1949 2688 2014 2733 In
2047 2689 2143 2735 lioc
2167 2707 2287 2736 vero
2308 2694 2394 2737 in—

165 2797 168 2800 *
228 2781 410 2846 signis*
427 2776 684 2843 potentio&
725 2772 1044 2837 differentia.
1144 2774 1349 2822 Hallus
1397 2782 1572 2819 autem
1617 2774 1812 2820 socium
1856 2775 1956 2821 sibi
1984 2778 2243 2823 vnavalem
2283 2780 2394 2826 loco

239 2868 466 2932 zzqrqlfi
486 2865 795 2930 acquisivit,
819 2865 1033 2935 jamqpe
1054 2871 1113 2911 ut
1134 2872 1295 2911 antea
1318 2864 1616 2925 piscaturoe
1637 2878 1851 2925 operam
1878 2864 2034 2910 dedit.
2113 2864 2397 2928 ,Thorolfas

298 3075 338 3131 *)
370 3079 466 3117 Etsi
495 3079 541 3114 in
572 3075 722 3115 Saud
732 3089 787 3127 ey
799 3088 859 3113 ar
891 3076 1080 3126 legatur,
1099 3075 1350 3124 judicamus
1383 3072 1458 3111 hoc
1489 3074 1552 3110 sic
1584 3071 1770 3110 dandum
1803 3083 1912 3118 esse,
1941 3072 2053 3111 illud
2080 3075 2188 3111 enim
2220 3087 2309 3113 cum
2339 3090 2395 3114 cm

410 3152 683 3201 tecedentibus
710 3166 791 3191 non
816 3142 1015 3193 convenit.
