2956 3854
1540 215 1659 263 XIV

536 392 789 474 vegiam
846 382 1144 460 rediisse,
1234 402 1453 468 regem
1515 395 1729 443 autem
1796 381 2080 446 Olavum
2141 402 2314 448 anno
2376 388 2670 472 seqventi

538 484 795 547 demum
840 482 1218 544 convenisse
1259 480 1644 566 Sarpsburgi
1689 477 2028 565 degentem
2065 502 2129 565 p.
2170 496 2300 549 282.
2410 488 2500 549 Ex
2543 485 2670 550 hac
2712 541 2718 548 ,

536 586 836 643 itinerum
904 580 1157 639 ratione
1214 579 1527 661 seqvitur,
1604 591 1854 660 patrem
1909 577 2179 641 Gelleris
2232 600 2442 664 neqve
2497 605 2669 646 anno

532 678 874 739 millesimo
927 677 1235 737 vicesimo
1278 689 1536 758 qvarto,
1625 696 1835 759 neqve
1878 675 2135 739 duobus
2177 681 2362 740 annis
2403 702 2672 763 seqven-

535 776 732 853 tibus,
790 775 987 836 fuisse
1026 777 1095 833 in
1121 774 1477 856 Norvegia;
1522 795 1794 856 eumqve
1836 772 2095 836 demum
2126 773 2672 841 annovMXXVm

532 894 748 957 regem
794 871 1075 935 Olavum
1115 873 1527 949 convenisse,
1604 892 1742 932 non
1783 871 2100 933 Nidrosiae
2144 871 2260 933 sed
2297 873 2402 935 vel
2446 878 2671 959 Sarps-

535 973 725 1055 'burgi
761 970 862 1033 vel
902 970 1324 1054 Tunsbergae,
1413 990 1621 1053 neqve
1661 968 1865 1030 filium
1902 990 2123 1031 secum
2161 968 2468 1034 habuisse
2510 970 2673 1035 duo-

536 1068 892 1131 decennem
935 1067 1048 1130 sed
1092 1083 1228 1128 tum
1262 1068 1549 1129 sedecim
1595 1088 1800 1130 annos
1845 1082 2087 1129 natum.
2176 1071 2423 1132 Auctor
2455 1073 2673 1149 itaqve

533 1182 755 1228 noster
806 1166 1058 1231 videtur
1111 1168 1391 1248 primam
1433 1163 1703 1228 Gelleris
1757 1167 1841 1227 ad
1882 1168 2275 1251 Norvegiam
2315 1166 2672 1252 profectio-
2739 1206 2742 1210 -

530 1284 682 1325 nem
723 1286 870 1326 cum
914 1263 1140 1324 'ultima
1185 1262 1527 1325 Thorkelis
1571 1265 2053 1348 permiscuisse,
2099 1279 2287 1348 atqve
2333 1287 2413 1327 eo
2457 1286 2673 1328 errore

533 1362 878 1444 deceptum
915 1383 1156 1422 annum
1195 1360 1537 1423 Thorkelis
1580 1360 2001 1423 emortualem
2041 1361 2467 1446 qvadriennio
2525 1377 2676 1426 ante

533 1459 772 1520 caedem
820 1461 986 1543 regis
1017 1460 1471 1535 constituisse,
1561 1458 1715 1520 licet
1753 1462 1942 1520 initio
1992 1461 2279 1540 ejusdem
2325 1465 2479 1521 anni
2520 1481 2677 1523 con·-

533 1558 760 1639 tigerit.
834 1557 1181 1617 Annalistae
1208 1554 1632 1633 Islandorum,
1677 1559 2060 1619 auctoritate
2099 1559 2432 1639 scriptoris
2470 1561 2676 1622 nostri

532 1651 709 1714 haud
751 1652 945 1714 dubie
989 1654 1271 1737 abrepti,
1359 1652 1637 1714 eundem
1685 1653 2082 1715 admiserunt
2122 1675 2421 1716 errorem.

798 1754 950 1813 Duo
1007 1749 1134 1811 alia
1181 1749 1544 1833 sphalmata
1591 1749 2061 1836 chronologica
2103 1755 2173 1811 in
2218 1753 2491 1814 historia
2528 1753 2674 1816 Bol-

535 1847 607 1907 lii
645 1850 916 1929 junioris
964 1854 1386 1932 reperiuntur.
1490 1850 1724 1910 Narrat
1764 1865 1992 1912 auctor
2033 1849 2310 1912 Bollium
2351 1851 2676 1932 juniorem

533 1945 730 2006 fuisse
768 1950 1215 2028 posthumum,
1309 1943 1593 2006 eundem
1627 1967 1784 2008 vero
1826 1945 2318 2009 duodecennem
2357 1947 2676 2011 ultionem

536 2044 724 2102 caedis
768 2057 1050 2124 paternae
1088 2040 1228 2101 aliis
1277 2041 1747 2123 opitulantibus
1787 2047 2089 2104 sumsisse
2137 2046 2218 2104 ab
2259 2044 2494 2129 Helgio
2535 2045 2670 2108 filio

532 2138 907 2200 Hardbeini.
996 2142 1139 2200 Jam
1172 2159 1327 2201 vero
1371 2152 1625 2199 constat
1645 2137 1947 2223 Helgium
1988 2160 2222 2200 caesum
2259 2139 2458 2203 fuisse
2499 2161 2673 2205 anno

533 2237 874 2299 millesimo
918 2235 1203 2313 decimo,
1283 2236 1551 2297 biennio
1596 2251 1745 2298 ante
1783 2234 2028 2298 natales
2065 2235 2362 2313 Gelleris,
2430 2238 2673 2302 Bollius

537 2357 690 2399 vero
739 2351 924 2418 pater
966 2350 1232 2397 necatus
1273 2349 1368 2396 est
1413 2355 1586 2396 anno
1628 2333 1968 2396 millesimo
2010 2347 2190 2395 sexto
2231 2332 2335 2397 vel
2371 2340 2670 2417 septim0‚

538 2435 712 2496 unde
759 2437 1042 2518 seqvitur
1078 2432 1281 2493 filium
1322 2434 1454 2514 ejus
1499 2436 1949 2516 posthumum,
2031 2447 2306 2514 qvatuor
2344 2435 2528 2495 annis
2573 2435 2673 2495 in·

540 2535 844 2614 terjectis‚
887 2530 1066 2592 haud
1110 2533 1424 2593 exstitisse
1473 2530 1982 2594 duodecennem.

804 2630 980 2691 Alter
1031 2650 1186 2692 vero
1246 2651 1424 2692 error
1472 2629 1975 2715 chronologicus
2030 2631 2311 2690 occurrit
2367 2632 2437 2688 in
2482 2644 2669 2713 parte

541 2729 766 2789 ultima
804 2728 1085 2790 historiae
1126 2725 1313 2791 Bollii
1339 2729 1640 2809 ijunioris.
1729 2729 2039 2789 Narratur
2072 2725 2319 2788 scilicet
2364 2748 2511 2787 eum
2556 2729 2670 2788 ali-

546 2841 700 2908 qvot
740 2828 923 2887 annis
961 2841 1113 2910 post
1137 2840 1411 2887 mortem
1440 2828 1717 2896 Snorrii,
1758 2827 1968 2888 vitrici
1995 2825 2157 2904 ejuS,
2202 2823 2434 2906 elapsis
2459 2839 2670 2887 tanto-

541 2945 695 3006 pere
761 2923 1170 3005 inclaruisse,
1253 2939 1326 2985 ut
1374 2921 1800 2985 Gudmundus
1847 2925 2074 2998 DiveS‚
2168 2923 2463 2982 amicitiae
2521 2943 2671 2985 cum

547 3041 626 3083 eo
680 3021 976 3083 ineundae
1019 3021 1322 3106 cupidus,
1414 3026 1628 3106 ipsum
1669 3020 1752 3080 ad
1789 3017 2006 3092 villam
2044 3039 2228 3079 suam
2272 3021 2666 3095 invitaverit3

548 3118 620 3178 in
671 3140 750 3181 eo
807 3133 1021 3182 autem
1068 3123 1297 3182 itinere
1335 3119 1612 3182 Bollium
1659 3115 1924 3178 insidias
1965 3118 2376 3178 inimicorum
2414 3118 2667 3179 fortitu-
