2956 3854
0 2653 23 3350 ‘qj'yRZ-fm23--JQ7‘W90'22Are-2522*›ny-j„
0 2601 8 2626 „r
0 2555 3 2571 ..
0 2473 14 2522 Ἱ-ι
0 2423 13 2454 -Τκ,
0 2365 12 2397 4-
0 2284 10 2346 v
0 2203 14 2262 *3ss
0 2163 2 2167 ,
0 2111 9 2142 „⁴

1268 279 1391 333 883

221 451 342 514 fuit
361 451 549 509 carus,
575 456 635 496 ut
657 447 915 497 Gunna'ro
935 445 1086 511 qvam
1108 443 1341 509 primum
1365 441 1532 492 occiso
1557 441 1781 492 maxime
1809 445 2059 504 laetarer,
2083 441 2135 495 δέ
2158 463 2284 497 sane
2304 450 2411 499 hac

229 542 412 604 hyeme
427 539 654 602 Helgius
673 555 814 586 meus
837 536 1065 592 maritus
1078 550 1113 583 a
1135 550 1216 583 me
1236 535 1513 599 diligenter
1534 534 1888 598 praecavebat,
1917 535 2039 584 bene
2055 538 2201 585 enim'
2216 556 2409 603 cogno-

225 630 303 678 vit
333 629 580 676 Gunnari
608 636 824 698 mortem
851 626 982 673 mihi
1014 641 1138 673 esse
1149 632 1482 687 exoptatam,
1517 626 1803 693 qvamjam
1841 626 2037 687 quidem
2071 631 2405 691 qvaerendam

229 735 406 766 censeo
434 726 710 782 antequam
739 693 863 762 hinc
895 715 1069 778 abeas.
1084 698 1087 705 Ι
1141 714 1286 768 Dein
1313 712 1573 777 BJ'arnius
1599 729 1711 759 cum
1734 713 1842 760 suis
1867 715 1934 762 ab
1968 717 2108 780 eqvis
2142 719 2406 767 descendit

227 803 280 855 &
323 807 410 853 liic
444 807 565 869 J‘am
601 800 951 869 pernoctavit.
992 793 995 798 ¹
1070 794 1200 852 Tum
1232 803 1510 867 Ἰῆρνάίεα
1557 792 1775 863 ιΖιιοῦιιεζ
1804 820 1906 866 per
1945 806 2173 853 vicinam
2224 810 2403 871 regio-

226 912 343 943 nem
365 895 536 941 missis
555 894 787 952 nuntiis,
818 885 1052 941 homines
1074 878 1150 941 ad
1182 910 1234 941 se
1266 893 1600 954 convocavit·
1639 901 1853 972 postero
1876 894 1960 940 die
1983 897 2087 942 XL
2125 896 2230 944 viri
2251 900 2404 960 apud
2456 907 2460 909 ’

227 995 344 1032 ‘e'am
364 993 521 1032 erant
549 983 869 1046 congregati.
941 982 1205 1046 BJ‘ar'nius
1228 998 1342 1028 cum
1363 990 1527 1031 vestes
1547 965 1835 1029 induisset:
1874 984 2019 1046 jam,
2058 971 2251 1047 inquit,
2286 1003 2403 1033 mea

227 1089 404 1134 soror,
449 1074 764 1121 Gunnarum
787 1070 935 1122 nobis
971 1072 1140 1117 trade.
1213 1071 1325 1116 Illa
1350 1071 1652 1134 respondit:
1684 1071 1855 1116 Haud
1875 1089 2002 1117 sane
2024 1074 2280 1135 intelligo,
2307 1091 2400 1122 cur

225 1164 355 1210 talis
377 1163 548 1210 sorori
568 1160 769 1226 veneris
787 1158 1003 1221 hospes,
1034 1153 1109 1204 vut
1123 1157 1272 1204 illius
1295 1158 1446 1205 rebus
1472 1167 1583 1204 tam
1616 1159 1756 1205 male
1775 1161 2041 1207 consulere
2057 1178 2160 1207 non
2181 1161 2400 1223 dubites,

222 1252 376 1300 illum
400 1252 584 1308 virum,
621 1265 764 1311 qvem
790 1247 979 1310 conjux
1003 1263 1131 1293 meoe
1150 1247 1431 1294 mandavit
1456 1247 1724 1308 custodiae,
1763 1249 1860 1294 tibi
1889 1251 1963 1295 ad
1984 1266 2152 1296 necem
2179 1254 2400 1299 traden-

221 1343 347 1408 dum
367 1357 503 1395 esse,
541 1333 936 1408 contendendo?
988 1334 1160 1383 Haud
1206 1337 1441 1400 eqvidem
1466 1337 1570 1382 tali
1604 1338 1756 1383 modo
1782 1339 2086 1399 declarabo,
2132 1356 2274 1403 qvem
2305 1359 2398 1405 ego

217 1423 447 1478 vestrum
465 1407 893 1490 plurisfaciam5
941 1441 1033 1472 nec
1043 1425 1164 1489 jam
1189 1426 1482 1473 Gunnarus
1503 1426 1558 1472 in
1589 1434 1736 1473 tuam
1762 1435 2078 1490 potestatem
2108 1432 2392 1492 perveniet,

179 1579 183 1581 ‚
213 1526 418 1582 praeter
440 1517 663 1563 multum
685 1515 1050 1579 molestumqve
1084 1516 1361 1578 negotium.
1439 1516 1567 1563 Tum
1592 1516 1878 1580 Bjarnius:
1923 1518 2044 1565 Jam
2064 1535 2170 1578 res,
2209 1519 2392 1584 inqvit,
2427 1564 2432 1583 ,

221 1624 337 1654 cum
361 1608 483 1653 dolo
501 1613 777 1669 geruntur,
814 1601 865 1652 8<
884 1604 1125 1652 hesterno
1149 1605 1349 1668 quidem
1373 1605 1472 1665 die,
1510 1605 1691 1668 lepida
1716 1621 1879 1665 soror,
1902 1607 2017 1653 alia
2038 1617 2192 1672 atqve
2215 1611 2393 1656 animo

217 1678 446 1754 inerant,
467 1694 804 1758 dep'romsisti
823 1693 1095 1756 colloqvia.
1164 1695 1297 1741 Inde
1308 1694 1567 1756 BJ‘arnius
1592 1697 1798 1758 domum
1820 1713 1943 1759 eqvo
1965 1698 2189 1744 vehitur.
2265 1699 2304 1745 Ἰ
2308 1715 2394 1745 um

221 1785 485 1832 Jhordisa
515 1783 819 1851 solitarium
852 1783 1167 1841 cubiculum,
1215 1780 1305 1829 ubi
1331 1783 1620 1830 Gunnarus
1640 1784 1980 1842 morabatur,
2012 1787 2276 1848 ingressa:
2322 1804 2395 1833 an

213 1874 430 1938 placet,
479 1872 670 1936 inqvit,
707 1872 828 1934 J‘am
866 1873 921 1918 in
949 1872 1169 1933 Bjarnii
1193 1879 1509 1933 potestatem
1542 1853 1857 1935 pervenire?
1910 1876 2197 1921 Gannarus
2230 1877 2393 1922 dixit:

214 1960 365 2011 haud
369 1960 526 2022 fieret
542 1962 658 2030 ejus
680 1961 758 2006 rei
775 1961 1093 2022 periculum,
1130 1960 1425 2023 si‘Helgius
1456 1963 1597 2007 domi
1621 1964 1840 2009 adesset.
1924 1965 2032 2009 Nec
2062 1965 2258 2027 qvidem
2268 1966 2393 2026 jam

203 2031 332 2114 fiet,
353 2043 634 2112 'respondit
653 2034 948 2096 leordisa..
979 2050 1268 2096 Gunnarus
1294 2028 1380 2096 illi
1403 2048 1528 2113 [pro
1548 2048 1777 2113 auxilio]
1791 2052 1898 2114 egit
1914 2054 2143 2114 gratias.
2196 2056 2393 2101 Postea

219 2127 449 2203 Helgius
474 2139 634 2185 rediit
658 2141 890 2196 domum,
937 2139 1118 2202 hisque
1144 2138 1378 2186 omnibus
1408 2156 1516 2203 qvoe
1535 2150 1687 2202 gesta
1721 2150 1876 2188 erant
1899 2143 2205 2206 compertis,
2255 2143 2390 2202 novi,

219 2229 410 2294 inqvit,
453 2243 531 2275 me
550 2229 842 2291 praestanti
866 2245 1014 2275 usum
1038 2229 1306 2292 conjugi03
1353 2231 1508 2276 loetor
1535 2231 1670 2294 qvod
1699 2231 1799 2277 illa
1822 2234 2030 2294 generis
2062 2232 2391 2279 nobilitatem

212 2319 590 2382 (comprobavit.
681 2318 844 2364 Hanc
889 2327 1126 2365 cestatem
1176 2319 1466 2365 Gunnarus
1522 2321 1672 2382 apud
1722 2321 1977 2383 Ilelgiusn
2027 2330 2391 2380 commoratus,

217 2411 274 2457 in
309 2408 535 2455 comitiis
559 2406 793 2468 publicis
834 2406 992 2453 exilio
1031 2412 1108 2453 est
1132 2401 1418 2455 'multatusz
1519 2409 1790 2455 Thorkillo
1839 2411 2057 2458 Geitiris
2088 2412 2210 2473 filio
2261 2427 2399 2473 sup—-v

211 2496 442 2562 plicium'
464 2502 749 2557 expetente.
853 2496 981 2542 {lum
1015 2506 1212 2559 coeptae
1245 2498 1430 2560 Helgii
1462 2496 1740 2561 Asbj'ornis
1784 2498 1889 2558 filii
1922 2498 1972 2547 ὃς
2008 2502 2178 2547 Grimi
2205 2502 2395 2562 Drop-
2441 2482 2445 2486 .

173 2595 180 2601 '
218 2589 395 2650 laugae
421 2585 533 2648 filii
569 2585 883 2631 simultates.
988 2587 1185 2649 Helgio
1221 2595 1398 2634 autem
1441 2589 1639 2644 occiso,
1686 2588 1833 2634 misit
1874 2591 2134 2645 Thordisa
2160 2592 2395 2636 Ganna-

217 2693 334 2724 rum
383 2677 439 2721 in
493 2675 751 2737 regionem
786 2673 1174 2721 occidentalem
1206 2675 1602 2739 Helgafellum,
1659 2678 2023 2743 Gudrunoeqve
2064 2679 2222 2740 Osvifl
2254 2677 2394 2739 filice

218 2764 774 2812 tutelcefdemandavit.
859 2764 1019 2821 Qvali
1046 2766 1334 2812 Gunnarus
1366 2783 1400 2811 a
1442 2766 1703 2813 sllzordisa
1737 2767 2118 2830 benignitatate
2149 2775 2224 2813 est
2259 2764 2394 2818 mis-2

150 2903 154 2907 ,
218 2871 305 2900 sus
349 2852 450 2899 tali
492 2850 542 2899 δε
582 2870 616 2898 α
652 2853 913 2899 Gudruna
967 2863 1211 2917 exceptus
1246 2863 1337 2900 est.
1431 2856 1537 2902 Hce
1556 2873 1639 2903 res
1681 2859 1853 2904 eodem
1873 2859 1995 2918 fere
2035 2867 2263 2919 tempore
2292 2861 2392 2917 ὅτε-ἐ

218 2941 498 2997 rebantur,
543 2957 638 3003 qvo
671 2941 972 2989 Thorkillus
995 2943 1333 3007 Eyolflfilius
1354 2961 1468 2990 eam
1491 2947 1750 3008 desponsa
1762 2948 1833 2994 vit
1859 2947 1972 2992 sibi.
2056 2950 2181 2994 Hac
2205 2943 2255 2991 8<
2271 2945 2393 3008 J‘am

219 3039 404 3078 aestate
432 3029 733 3076 'Ilzorkz‘ltus
758 3030 1138 3092 Geitirisfilius
1162 3034 1512 3080 Niardvikam
1533 3051 1675 3098 eqves
1701 3036 1840 3084 venit
1865 3045 1924 3082 ut
1951 3037 2028 3083 rei
2060 3037 2193 3083 bona
2227 3049 2396 3081 secum

219 3120 471 3178 auferret.
542 3119 770 3182 Eyolfus
810 3120 945 3166 dixit
962 3138 977 3167 :
1012 3121 1154 3168 lianc
1180 3124 1380 3186 qvidem
1399 3125 1681 3186 pecuniam
1701 3127 1923 3172 multam
1949 3127 2160 3186 censeri,
2195 3139 2394 3172 omnem

219 3226 338 3260 vero
365 3227 424 3257 ex
450 3209 698 3256 Islandia
729 3224 838 3257 esse
862 3219 1114 3270 avectam,
1151 3229 1241 3261 nec
1263 3204 1577 3277 nummulus,
1611 3215 1789 3279 inqvit,
1813 3216 1867 3263 in
1888 3224 2032 3266 tuam
2058 3216 2398 3278 venietpote-
