2956 3854
0 1289 6 1330 22—
0 1188 13 1260 -Jflu
0 1118 9 1175 ηυντ
0 1072 11 1108 --w

1284 264 1408 320 323
1448 328 1451 329 ⁷

243 442 349 490 illi
357 441 411 487 in
425 439 743 488 viridarium
755 452 1068 502 processere.
1139 428 1422 482 Haldorus
1439 441 1563 496 toga
1578 441 1716 491 suta,
1733 433 1895 495 longa
1915 432 2154 495 praedita
2155 414 2351 496 fibula,
2367 436 2447 480 uti

173 568 175 570 -
254 542 366 580 tum
393 533 617 578 multum
643 528 962 590 inusujuit,
1002 526 1370 588 indutuserat.
1407 524 1725 573 ''Haldorus
1752 524 1806 570 in
1830 539 1969 586 agro.
1986 526 2216 572 consedit
2234 522 2447 572 &uter-—

257 640 346 688 qve
367 629 711 685 cog-natorum
744 619 829 666 illi
850 621 925 666 ad
947 635 1096 665 suum
1122 617 1328 682 qvisqve
1355 617 1501 662 latus
1539 611 1590 662 ὃς
1619 615 1676 662 in
1707 615 1823 678 ipso
1841 615 1965 675 sere
2002 624 2137 678 togae
2178 617 2451 665 consedere

218 773 222 777 ι
256 714 393 770 sinu,
411 712 670 759 Beinerus
694 718 869 756 autem
882 708 1216 772 propinqvus
1237 704 1494 753 adstabat
1514 722 1765 770 magnam
1787 723 1949 752 manu
1973 708 2195 754 securim
2216 715 2448 772 gestans.

261 804 405 851 Tunc
419 802 556 848 dixit
577 800 942 847 Thorsteinus:
978 800 1035 845 id
1048 799 1180 846 mihi
1194 807 1360 845 tecum
1381 797 1578 861 negotii
1593 806 1685 857 est,
1710 798 1846 862 qvod
1850 797 2085 858 fundum
2114 815 2147 844 a
2165 808 2212 846 te
2227 813 2451 846 coemere

192 884 194 886 ’
255 892 403 950 vol05
443 891 709 955 liujus'rei
735 891 839 938 hac
870 890 977 939 vice
1013 906 1075 936 ea
1103 891 1165 936 de
1197 906 1362 936 causa
1398 888 1711 936 mentionem
1730 888 1915 950 facio,
1963 890 2094 952 qvod
2143 888 2453 936 Thorkellus

256 990 513 1045 cognatus
545 999 688 1028 meus
705 983 827 1046 Jam
855 969 1035 1038 adest3
1093 981 1191 1027 hoc
1230 980 1435 1043 utriqve
1464 987 1702 1025 nostrum
1743 977 1866 1024 bene
1905 979 2177 1026 convenire
2212 979 2452 1037 videtur5

251 1072 486 1119 ’relatum
495 1072 630 1119 enim
643 1072 775 1118 milii
785 1080 876 1131 est,
893 1079 940 1117 te
953 1071 1111 1117 'rebus
1125 1068 1558 1133 egeremobilibus
1574 1085 1587 1129 3
1607 1067 1791 1130 magni
1804 1083 1925 1114 vero
1936 1069 2103 1130 pretii
2121 1085 2309 1131 agrum
2317 1083 2455 1131 pos-

253 1161 410 1209 sides.
478 1162 591 1224 Ego
618 1161 715 1208 tibi
741 1161 877 1208 dabo
907 1159 1275 1208 habitaculum
1313 1159 1587 1206 honestum
1615 1165 1922 1222 tantumqve
1961 1160 2162 1204 addam
2197 1156 2454 1220 pecuniae,

247 1233 508 1315 qvantum
523 1251 662 1298 inter
674 1267 768 1297 nos
794 1251 1110 1298 convenerit.
1192 1250 1477 1297 Haldorus
1505 1250 1686 1314 primo
1723 1249 1874 1296 haud
1897 1249 1982 1296 illi
2014 1251 2238 1297 multum
2262 1249 2456 1296 adver-

254 1341 504 1399 sabatur,
539 1342 752 1405 jamqve
784 1343 847 1387 de
864 1342 1022 1403 liujus
1053 1341 1251 1407 negotii
1269 1341 1450 1404 pactis
1483 1340 1576 1403 agi
1611 1356 1847 1403 coepere,
1902 1357 2147 1404 qvumqve
2170 1340 2454 1386 Haldorus

253 1413 408 1478 haud·
425 1432 634 1478 omnino
661 1432 772 1477 illis
793 1433 1078 1479 adversari
1099 1433 1392 1491 videretur,
1443 1432 1488 1478 T
1485 1431 1752 1477 horkellus
1780 1431 1856 1477 ad
1883 1446 2168 1477 sermonem
2191 1444 2369 1476 eorum
2404 1443 2457 1473 se

251 1518 526 1585 applicuit
548 1530 599 1568 et
616 1522 922 1584 pactionem
937 1524 1009 1569 ad
1024 1522 1578 1587 liqvidumperducere
1590 1522 1811 1568 studuit.
1892 1522 2038 1569 June
2050 1522 2333 1569 Haldorus
2349 1534 2457 1565 rem

253 1610 472 1676 differre
498 1614 708 1660 studere
730 1612 815 1659 illi
828 1629 947 1661 vero
964 1621 1117 1660 tanto
1129 1611 1310 1680 acrius
1325 1612 1528 1659 instare
1536 1629 1557 1674 ,-
1582 1629 1641 1659 eo
1663 1628 1783 1660 vero
1798 1612 2011 1676 deniqve
2027 1628 2107 1659 res
2124 1613 2349 1658 deducta
2363 1616 2456 1668 est,

246 1712 313 1750 ¹ut
338 1704 430 1750 ille
459 1690 611 1750 tanto
635 1702 962 1749 obstinacius
995 1704 1378 1751 adversaretur
1401 1711 1600 1767 qvanto
1623 1703 1712 1749 illi
1748 1703 2052 1751 insisterent
2088 1700 2455 1751 vehementius.

183 1820 186 1821 ν
259 1794 403 1841 func
416 1794 554 1840 dixit
572 1794 881 1840 Thorkellus
896 1812 912 1841 ,·
948 1810 1053 1840 non
1081 1794 1245 1853 vides,
1288 1793 1597 1841 Tliorsteine
1616 1802 1838 1856 cognate
1856 1794 1880 1840 l
1915 1810 2007 1857 qvo
2036 1793 2150 1840 haec
2172 1793 2324 1838 cedat
2339 1805 2421 1836 res
2435 1786 2460 1835 Ρ

251 1884 535 1933 Haldorus
551 1901 653 1948 per
680 1893 847 1931 totam
870 1885 1007 1932 diem
1043 1884 1184 1932 lzanc
1217 1901 1325 1931 rem
1362 1883 1513 1931 nobis
1549 1883 1786 1944 distulit,
1840 1901 1937 1932 nos
1960 1901 2083 1932 vero
2118 1884 2267 1930 illius
2289 1896 2469 1944 nugas

195 2008 198 2010 >
255 1990 319 2020 ac
332 1974 728 2021 allectationem
742 1973 1170 2037 exspectavimus.
1206 1975 1329 2021 Jam
1347 1975 1393 2020 si
1400 1973 1640 2034 fundum
1651 1990 1816 2021 emere
1832 1972 1929 2019 tibi
1950 1974 2003 2034 in
2017 1973 2197 2019 animo
2210 1980 2303 2027 est,
2318 1986 2458 2034 pro-

249 2055 380 2127 pius
398 2060 502 2123 erit
521 2065 887 2110 accedendum.
969 2063 1314 2120 Thorsteinus
1346 2072 1455 2110 tum
1488 2063 1566 2109 rei
1591 2072 1832 2110 eventum
1857 2064 1991 2109 scire
2017 2063 2245 2126 postula
2268 2061 2343 2109 vit
2367 2076 2461 2106 ro-

249 2154 560 2218 gavitqveut
572 2154 855 2200 Haldorus
868 2155 1017 2200 haud
1027 2154 1262 2217 amplius
1283 2153 1647 2200 dissimularet
1668 2170 1741 2199 an
1766 2154 1857 2199 ille
1863 2153 2100 2214 fundum
2112 2153 2268 2201 vellet
2278 2165 2461 2199 venum

257 2247 403 2292 dare.
446 2245 732 2292 Haldorus
766 2245 1063 2308 respondit:
1082 2231 1232 2291 haud
1251 2260 1343 2306 ego
1359 2242 1456 2289 lzoc
1480 2244 1759 2290 celandum
1786 2245 2054 2305 existimoss
2068 2253 2118 2291 te
2132 2245 2228 2291 hoc
2254 2256 2462 2304 vespere

257 2336 371 2383 sine
399 2351 532 2400 agro
554 2343 688 2388 emto
714 2336 922 2381 domum
945 2351 1284 2382 reversurum.
1365 2334 1411 2381 T
1408 2349 1509 2379 unc
1533 2334 1670 2380 dixit
1705 2333 2072 2381 leorsteinus:
2116 2350 2214 2380 nec
2229 2349 2319 2395 ego
2340 2346 2460 2376 am·-

247 2425 406 2490 plius
447 2423 1094 2490 differendumjexistimo,
1142 2426 1200 2472 id
1233 2426 1367 2488 qvod
1401 2424 1745 2471 constitutum
1777 2433 1856 2472 est
1880 2423 2155 2487 proloqvi:
2200 2439 2325 2469 nam
2363 2419 2461 2466 tihi

258 2524 382 2563 sunt
405 2517 527 2563 duoe
553 2516 880 2563 conditiones
915 2515 1201 2564 destinatae
1223 2512 1285 2563 δε
1316 2515 1454 2562 enim
1482 2502 1719 2579 propter
1749 2515 1946 2564 virium
1980 2514 2265 2561 discrimen
2306 2511 2463 2573 hujus

259 2606 338 2654 rei
361 2615 686 2670 potestatem
716 2623 880 2670 penes
921 2623 1017 2656 nos
1051 2624 1161 2654 esse
1192 2605 1559 2667 arbitramur5
1603 2608 1781 2654 altera
1823 2605 2057 2653 conditio
2094 2605 2193 2651 illa
2231 2610 2337 2659 est,
2383 2598 2466 2647 uti

261 2697 403 2765 lianc
417 2713 525 2743 rem
547 2696 784 2744 lubenter
796 2675 1081 2760 perficias,⁴
1102 2706 1440 2763 nostramqve
1462 2697 1758 2744 amicitiam
1783 2697 2110 2760 adipiscare,
2145 2694 2321 2740 altera
2344 2705 2466 2738 vero

261 2789 429 2835 multo
464 2789 726 2835 deterior:
770 2797 829 2835 ut
851 2797 1064 2835 coactus
1087 2797 1343 2852 porrecta
1383 2805 1550 2835 manu
1582 2787 1716 2834 milti
1737 2789 1976 2850 fundum
1997 2781 2464 2850 IIjardarliolten-

249 2894 369 2938 *sem
392 2880 598 2925 tradas.
685 2879 951 2944 Qvumqve
991 2881 1037 2927 T
1033 2880 1335 2932 lzorsteinus
1369 2887 1576 2925 tantum
1604 2878 1776 2926 verbis
1797 2878 2092 2936 minitaret,
2116 2874 2289 2922 subito
2312 2869 2468 2918 Hal-

263 2970 426 3015 dorus
451 2968 682 3016 surrexit
709 2977 862 3017 tanto
887 2987 1002 3017 cum
1030 2970 1258 3034 impetu,
1304 2978 1364 3017 ut
1387 2978 1525 3033 togae
1555 2968 1724 3031 fibula
1752 2969 2172 3031 dirumperetur·
2213 2965 2292 3011 ita
2317 2964 2471 3009 locu-

266 3067 379 3106 tus:
414 3060 544 3107 aliae
570 3076 653 3106 res
667 3061 831 3124 prius
849 3062 1087 3109 evenient
1111 3078 1259 3126 qvam
1283 3079 1377 3126 ego
1408 3061 1466 3109 id
1485 3061 1811 3123 proloqvar,
1858 3059 1990 3123 qvod
2014 3057 2149 3104 milii
2165 3055 2314 3104 liaud
2328 3053 2465 3116 pla-

266 3157 398 3196 ceat.
485 3151 607 3210 Qvae
641 3149 787 3198 tum?
820 3154 1082 3216 qvoerebat
1102 3152 1459 3201 Thorsteinus.
1528 3150 1812 3196 Haldorus
1834 3148 2138 3215 respondit.-
2171 3143 2319 3206 ascia
2354 3139 2469 3199 tihi,

265 3238 467 3288 homini
482 3242 734 3305 pessimo,
771 3244 943 3307 capiti
965 3244 1127 3307 inflixa
1143 3241 1362 3292 haerebit
1387 3249 1537 3306 atqve
1553 3241 1631 3287 ita
1652 3241 1954 3289 exturbabit
1980 3237 2287 3288 violentiam
2318 3241 2471 3280 tuam

1543 3336 1545 3338 ’
2060 3329 2095 3376 S
2117 3344 2142 3376 s
2169 3343 2199 3375 2
