2956 3854
1231 261 1359 319 263

204 437 433 483 dolorem
453 450 609 497 posse
629 436 884 482 sustinere
904 449 996 480 nec
1017 431 1409 480 exhortationes
1430 432 1634 477 matris.
1711 432 2041 492 Vindictam,
2079 435 2241 499 inquit
2253 438 2388 484 Bol—

200 525 321 586 lius,
342 532 582 586 expetere
597 525 846 582 volumus,
866 532 916 569 et
929 521 1074 569 nobis
1075 521 1195 584 jam
1193 519 1470 582 fratribus
1482 529 1689 567 tantum
1704 539 1832 570 sane
1842 532 1921 569 est
1932 523 2090 570 robur
2101 526 2295 585 aetatisj
2327 536 2386 573 ut

198 613 345 670 nobis
357 614 507 676 apud
529 621 743 682 coeteros
759 611 1191 681 culpoefuturum
1217 609 1313 667 sit,
1346 610 1390 658 si
1409 609 1559 656 lzaud
1577 611 1945 658 sustulerimus
1962 613 2220 677 manus*).
2291 617 2386 663 Se-

197 712 373 772 quente
385 702 616 766 dieinter
634 702 966 765 Thorgilsum
977 718 1041 746 ac
1055 688 1369 747 Gudrunam
1379 700 1685 764 colloqvium
1699 709 1869 747 ortum
1883 718 1935 747 es
1944 710 1981 762 t,·
2005 703 2262 750 Gudruna
2278 722 2381 751 au-

198 781 471 855 tem-talem
484 775 766 836 sermonem
780 790 1040 853 ingressa:
1071 780 1331 852 comperio
1345 789 1560 853 qvidem,
1591 789 1893 852 Tliorgilse!
1924 790 2211 851 meosfllios
2225 793 2382 839 istam

194 865 406 942 §bidem
434 874 583 925 haud
607 870 841 942 amplius
854 874 1070 941 'perpeti
1078 912 1095 936 ,
1132 879 1240 926 nisi
1251 880 1470 942 qvaesita
1485 879 1667 942 aliqva
1672 888 1923 942 paternae
1946 880 2106 926 coedis
2129 881 2380 939 vindicta,

196 966 438 1014 id'autem
450 955 704 1015 hactenus
707 969 1045 1032 potissimum
1056 983 1216 1014 morae
1213 967 1350 1027 fuit,
1385 969 1522 1030 qvod
1540 967 1844 1014 Thorleikus
1857 967 2282 1015 acBolliusmihi
2296 971 2382 1016 in-

180 1056 384 1118 fantili
408 1065 567 1104 aetate
592 1058 696 1104 visi
717 1066 840 1104 sunt
858 1059 936 1103 ad
955 1058 1120 1103 coedes
1135 1057 1533 1118 perpetrandas
1559 1056 1851 1113 hominum,
1904 1056 2002 1101 etsi
2039 1056 2157 1101 istis
2188 1058 2243 1104 in
2272 1074 2382 1104 me·-

158 1207 165 1212 ·
191 1146 415 1192 moriam
437 1145 696 1193 revocatis
720 1146 886 1192 multo
906 1153 1032 1191 ante
1059 1153 1290 1207 tempore
1301 1143 1526 1190 maxime
1551 1161 1684 1206 opus
1701 1144 1887 1203 fuerit.
1967 1144 2014 1190 T
2009 1144 2278 1208 horgilsus
2293 1162 2379 1192 re-

193 1235 435 1310 spondit:
477 1251 591 1280 eam
611 1233 671 1280 ob
695 1249 912 1279 causam
947 1233 1050 1279 hac
1081 1234 1144 1280 de
1166 1248 1223 1279 re
1244 1249 1441 1279 mecum
1479 1234 1617 1297 loqui
1650 1234 1799 1280 haud
1839 1233 1936 1279 tibi
1960 1250 2092 1296 opus
2112 1243 2188 1280 est
2195 1269 2211 1293 ,
2251 1237 2382 1298 qvccl

191 1314 314 1370 tuas
330 1323 463 1396 milli
487 1323 708 1387 nuptias
733 1322 942 1369 omnino
967 1323 1270 1385 denegasti·
1252 1357 1268 1382 ,
1307 1339 1484 1368 verum
1506 1331 1681 1369 tamen
1705 1294 1883 1370 eadem
1913 1323 2088 1370 omnia
2115 1325 2248 1369 mihi
2259 1326 2380 1386 jam

191 1413 315 1460 sunt
338 1410 393 1459 in
409 1404 605 1469 animo,
640 1421 790 1476 atqve
815 1420 978 1457 antea
993 1412 1168 1472 fuere,
1208 1413 1416 1475 qvando
1436 1412 1521 1458 his
1547 1413 1609 1458 de
1633 1411 1782 1457 rebus
1802 1413 1966 1459 locuti
1986 1429 2176 1460 sumus
2238 1414 2378 1460 Nam

191 1503 238 1549 s'i
263 1505 393 1549 tuas
410 1503 631 1564 nuptias
656 1509 950 1564 consequor,
980 1501 1128 1546 haud
1149 1518 1278 1548 sane
1301 1518 1393 1564 ego
1420 1494 1719 1548 detrec-tabo
1742 1502 2009 1564 singulum
2033 1504 2254 1565 a'liqvem
2283 1491 2380 1547 aut

188 1593 292 1647 duo
302 1591 534 1656 quidem„
549 1591 641 1654 *qvi
652 1591 823 1638 Bollii
832 1592 1020 1636 coedem
1029 1591 1274 1653 proxime
1283 1590 1614 1648 accedebant,
1637 1591 1841 1638 emedio
1857 1593 2054 1638 tollere.
2117 1594 2376 1638 Gudruna

188 1680 358 1752 {lixit-’³
383 1688 447 1731 at
466 1695 557 1741 ego
580 1680 779 1742 qvidem
801 1679 1039 1737 arbitror
1053 1713 1068 1737 ‚
1111 1680 1446 1727 Thorleikum
1469 1681 1676 1727 nullum
1699 1696 1837 1743 aeqve
1869 1680 2250 1737 convenientem
2274 1683 2377 1728 clu-.-

188 1785 294 1845 cem
298 1753 589 1844 judicare,
620 1768 679 1814 si
714 1768 975 1815 audacius
1010 1768 1230 1832 aliqvod
1241 1770 1471 1829 facinus
1504 1769 1894 1831 suscipiendum
1920 1770 2005 1827 sit.
2054 1770 2188 1815 Nec
2227 1770 2378 1816 illum

185 1853 477 1926 celandum,
514 1859 645 1920 qvod
655 1874 810 1920 pueri
803 1857 1088 1927 Helgium,
1124 1856 1624 1929 Hardbeinifilium,
1650 1858 1926 1903 immanem
1939 1858 2090 1905 illum
2102 1859 2376 1930 hominem,

185 1929 271 2010 qv'i
290 1947 607 2013 Skorradali
619 1947 928 2008 familiaris
956 1947 1034 1992 rei
1054 1962 1236 1993 curam
1260 1946 1428 2014 gerit,
1462 1948 1544 1993 nil
1565 1947 1698 1992 mali
1721 1955 1979 2026 metuens,
2025 1948 2234 1994 adoriri
2260 1957 2378 1994 sta-

187 2027 399 2084 luerint.
460 2021 785 2097 Thorgilsus
822 2036 984 2082 dixit:
1044 2035 1194 2082 haud
1228 2051 1320 2098 ego
1345 2035 1503 2081 illud
1513 2051 1665 2092 curo,
1706 2017 1883 2082 utrum
1911 2025 2142 2099 Helgius
2167 2053 2238 2082 an
2262 2038 2375 2083 alio
2418 2031 2425 2039 ’

186 2114 392 2172 nomine
412 2133 647 2185 vocetur3
682 2124 832 2170 haud
851 2125 987 2171 enim
1011 2140 1154 2170 meas
1177 2125 1310 2172 vires
1334 2132 1558 2186 superat
1575 2125 1828 2188 Helgium
1853 2141 1946 2172 nec
1963 2126 2186 2189 aliqvem
2208 2127 2375 2172 alium
2398 2104 2403 2108 ‚

185 2215 435 2276 aggredi.
488 2215 559 2261 Et
579 2231 613 2260 a
635 2231 750 2260 mea
777 2215 987 2277 quidem
994 2222 1156 2276 parte
1181 2214 1283 2259 liae
1304 2215 1367 2261 de
1393 2229 1448 2262 re
1468 2215 1604 2259 satis
1625 2214 1984 2262 deliberatum
1985 2224 2101 2271 est,
2161 2216 2207 2261 si
2222 2231 2375 2278 proeq-

184 2303 414 2366 seffltibus
430 2303 646 2350 testibus
655 2303 788 2360 mihi
795 2303 1076 2365 promittes
1088 2311 1139 2349 te
1150 2319 1318 2349 meam
1329 2318 1540 2349 uxorem
1541 2304 1795 2361 suturam
1804 2338 1835 2369 ,Ἴ
1858 2304 1905 2350 si
1919 2305 2206 2351 vindictam
2219 2305 2379 2351 simul

185 2409 300 2469 cum
319 2393 424 2439 tuis
428 2391 569 2454 filiis
586 2400 845 2455 perpetra
855 2408 986 2439 vero.
1033 2393 1295 2438 Gudruna
1323 2392 1476 2451 dixit,
1513 2408 1565 2439 se
1582 2392 1756 2439 omnia
1773 2401 2128 2456 servaturam,
2120 2393 2230 2441 ⁴“ore
2239 2409 2374 2455 pro-

182 2442 346 2558 missa
373 2497 436 2527 ac
455 2490 650 2544 pacta,
686 2480 900 2527 etiamsi
915 2483 1083 2543 pauci
1116 2489 1272 2528 testes
1291 2480 1681 2528 adhiberentur.
1754 2482 1891 2529 Haec
1919 2483 2090 2546 itaque
2125 2494 2250 2530 rata
2268 2482 2375 2544 su-

185 2545 309 2643 tura
335 2560 633 2655 affirmavit.
707 2570 968 2617 Gudruna
989 2567 1294 2617 Haldorum
1322 2560 1470 2617 illius
1484 2573 1696 2627 socium,
1732 2571 2095 2635 suosqvefilios
2108 2591 2165 2619 eo
2194 2575 2374 2621 vecari

171 2636 402 2722 jussit
407 2660 749 2723 Thorgilsus
784 2660 1018 2721 rogavit,
1070 2669 1130 2706 ut
1159 2658 1414 2721 Ornoifus
1436 2674 1619 2724 qvoqve
1657 2663 2022 2707 adduceretur.
2076 2665 2260 2709 Gudt
2264 2680 2370 2708 una

183 2749 241 2795 id
251 2753 453 2811 p'r'oeter
464 2739 960 2810 necessitatemfieri,
975 2749 1264 2812 affirmavit
1278 2767 1295 2808 ,-
1336 2750 1475 2796 mihi
1498 2754 1650 2810 enim,
1678 2751 1857 2813 inqvit,
1890 2750 2092 2811 Ornolfl
2099 2751 2237 2811 fides
2260 2752 2371 2796 ali-

183 2844 384 2900 qvm'ntoss
399 2839 691 2901 suspectior
711 2847 812 2897 est,
849 2855 999 2902 qvam
1023 2839 1118 2886 tihi
1144 2856 1260 2887 eam
1288 2856 1397 2886 esse
1421 2841 1697 2902 comperio.
1781 2839 2087 2901 Thorgilsus
2107 2839 2262 2899 liujus
2280 2839 2371 2885 rei

184 2925 404 2974 liberum
422 2929 470 2974 ei
479 2928 730 2976 concessit
742 2928 1039 2987 arbitrium.
1111 2929 1233 2975 Jatn
1235 2929 1303 2990 f'
1305 2938 1449 2975 atres
1473 2946 1538 2976 ac
1572 2929 1881 2992 Thorgilsus
1905 2929 2218 2989 Gudrunam
2242 2944 2371 2974 con-

181 3025 457 3093 venerunt,
489 3018 769 3075 Haldorus
789 3017 950 3064 etiam
969 3019 1221 3081 colloqvia
1248 3019 1514 3078 interfuit.
1579 3011 1702 3065 Jam
1735 3018 1994 3063 Gudruna
2026 3016 2148 3062 illos
2175 3017 2368 3076 docuit,

190 3103 523 3167 Thorgilsum
539 3106 849 3169 promisisse
868 3107 1024 3169 liujus
1047 3108 1395 3170 expeditionis
1417 3106 1746 3166 ducemfieri
1771 3121 1835 3150 ac
1857 3105 2134 3168 Helgium,
2170 3107 2366 3152 [Iard—

184 3183 320 3239 beina·
331 3194 546 3253 filium,
581 3196 739 3242 simul
759 3213 872 3241 cum
897 3197 1162 3256 suisfiliis
1182 3214 1215 3242 a
1213 3213 1316 3260 gffl
1319 3196 1401 3242 edi
1419 3198 1494 3241 ad
1514 3195 1683 3243 Bollii
1705 3195 1894 3242 caedem
1907 3194 2275 3256 ulciscendam,
2315 3197 2371 3242 id

245 3301 287 3349 ’Ὦ
319 3313 351 3340 0:
381 3305 429 3344 »Si
457 3308 532 3348 hoc
555 3323 658 3360 opus
684 3321 766 3347 non
791 3309 1109 3361 aggrediamur.
