2956 3854
1241 273 1368 329 241
1391 273 1396 310 -ἱ

220 441 460 491 convenit
482 440 765 491 Haldorus
792 437 879 487 illi
894 437 1233 502 propositum
1257 437 1504 482 elocutus.
1576 432 1855 494 Lambius,
1893 443 1952 481 ut
1975 434 2088 482 Iiaeo
2108 444 2398 499 perpetra-—

217 541 422 589 rentur,
457 534 680 580 multum
708 526 1134 577 adhortabatur.z
1186 523 1616 586 Mater-familias
1640 541 1827 588 qvoqve
1856 524 2160 588 Thorgerda
2184 526 2266 584 ad,
2284 525 2397 571 lzoec

216 622 542 686 perficienda
587 619 812 668 multum
842 615 1123 675 excitavit,
1170 635 1171 638 ¹
1193 630 1395 679 negans
1434 613 1533 660 sibi
1566 612 1826 674 Kjd'rtani
1870 614 2060 659 coedem
2088 615 2193 661 nisi
2229 615 2399 662 Bollii

223 711 362 758 caede
384 710 710 759 vindicatam
730 707 914 756 videri.
1000 704 1248 770 Posthoeo
1278 719 1331 751 se
1365 704 1440 750 ad
1470 703 1571 754 iter
1597 703 1899 766 paravere.'
1960 703 2111 750 Illud
2138 704 2240 751 iter
2268 720 2400 768 qva—

207 808 346 847 ·tuor
374 796 650 860 Olavz'filii
671 796 911 861 ingressi,
946 796 1158 860 qvintus
1178 801 1296 842 erat
1315 793 1584 840 Bardiu&
1644 793 1801 841 Οἰανί
1806 791 1921 854 filii
1943 791 2001 839 hi
2021 802 2204 840 erant:
2250 795 2402 841 Hal-

223 888 400 949 dorus,
435 888 759 944 Steindorus,
789 887 1020 950 'Helgius
1037 900 1103 932 ac
1123 883 1458 942 Hoskuldu37·
1491 883 1732 931 Bardius
1753 890 1930 929 autem
1951 892 2070 929 erat
2095 884 2402 931 Gudmundi

210 976 366 1040 filius
374 994 393 1037 ,-
428 986 604 1025 sextus
621 985 741 1026 erat
762 976 1034 1035 Lambius,
1057 972 1310 1038 septimus
1329 972 1684 1032 Thorsteinus,
1720 980 1932 1019 octavus
1951 973 2194 1034 Helgius,
2231 973 2404 1019 Thor-

228 1067 387 1114 steini
405 1066 596 1130 affinis,
633 1082 803 1114 nonus
820 1066 975 1115 Anus
989 1066 1048 1114 V
1041 1062 1406 1124 entri-virga.
1477 1061 1781 1123 Thorgerda
1801 1076 1989 1124 qvoqve
2007 1077 2092 1107 eos
2118 1061 2371 1106 comitata
2382 1078 2400 1121 ,-

227 1156 341 1204 illis
366 1155 541 1203 tamen
559 1171 728 1213 secum
756 1155 904 1202 ire-ei
924 1149 1360 1211 dissuadentibus,
1394 1148 1800 1213 negantibusqve
1818 1148 2125 1197 mulieribus
2148 1151 2285 1197 talia
2307 1152 2403 1197 iti-

227 1252 358 1294 nera
389 1234 674 1293 convenire.
742 1244 854 1290 Illa
878 1260 932 1290 se
963 1258 1087 1292 vero
1098 1242 1469 1306 profecturam
1505 1238 1817 1302 affirmavit,
1866 1239 1963 1286 hoc
1990 1241 2125 1288 enim
2156 1243 2218 1287 de
2243 1240 2402 1301 vobis,

211 1332 351 1397 filiis
376 1335 533 1395 meis,
566 1342 888 1399 compertum
913 1331 1094 1390 habeo,
1131 1332 1262 1395 qvod
1282 1329 1660 1378 adhortatione
1671 1328 1817 1378 vobis
1839 1345 1972 1393 opus
1997 1340 2087 1378 est.
2168 1330 2295 1377 Tum
2322 1330 2405 1376 illi

225 1423 391 1472 matri
410 1424 567 1489 hujus
589 1423 668 1469 rei
675 1423 925 1485 fecerunt
938 1419 1273 1486 potestatem.

1072 1603 1079 1607 ·
1125 1580 1300 1640 CAP.
1350 1579 1489 1639 LV.-

490 1667 707 1738 Postea
718 1691 1117 1756 IIJ'ardarholto
1128 1691 1220 1737 IX
1226 1671 1337 1735 una
1344 1686 1580 1752 profecti
1590 1722 1608 1745 ,
1644 1688 1785 1736 Xma
1801 1698 1918 1736 erut
1940 1689 2258 1752 Thorgerda-
2308 1688 2406 1736 Illi

221 1794 326 1844 per
339 1778 884 1842 regionesmaritimas
898 1796 1078 1829 versus
1103 1778 1360 1826 interiora
1384 1777 1702 1840 eqvitantes,
1740 1779 2033 1842 Lia'skogos
2050 1779 2234 1842 prima
2261 1786 2409 1826 nocte

225 1877 598 1934 pervenerunt,
632 1871 1048 1935 neopriusqvam
1061 1870 1117 1915 in
1129 1868 1543 1931 Soelingsdalum
1556 1868 1831 1925 venissent,
1857 1869 2148 1915 constitere.
2195 1869 2322 1916 Tum
2336 1869 2409 1914 il-

233 1961 488 2007 lucescere
501 1967 761 2022 coeperat.
829 1960 908 2008 Eo
924 1967 1153 2021 tempore
1166 1959 1329 2004 densa
1355 1957 1410 2003 in
1425 1957 1561 2005 valli
1584 1966 1704 2004 erat
1729 1959 1902 2020 sylva.
1979 1958 2192 2005 Bollius
2221 1959 2414 2004 aderat

229 2047 287 2096 in
312 2049 565 2113 tuguriis,
600 2048 679 2094 uti
702 2047 953 2095 Haldoro
979 2047 1205 2094 relatum
1220 2047 1427 2107 fuerat.
1479 2046 1714 2108 Tuguria
1729 2046 2012 2108 adflumen
2034 2047 2329 2094 ads-tabant
2355 2049 2410 2094 in

233 2130 435 2196 eo'loco,
454 2138 536 2201 qvi
535 2137 953 2201 jamParietinae
963 2138 1236 2185 Bollianoe
1246 2144 1478 2184 vocatur.
1505 2134 1704 2181 Celsior
1715 2152 1881 2198 supra
1898 2137 2163 2199 tuguri-um
2176 2139 2327 2185 collis
2340 2139 2415 2184 ad

233 2228 598 2290 Stackagilum
621 2227 937 2275 extenditur.
1016 2225 1196 2274 Monti
1228 2242 1293 2271 ac
1333 2225 1459 2272 colli
1492 2224 1602 2270 late
1616 2226 1868 2287 patentia
1890 2236 2087 2289 prata,
2134 2245 2245 2292 qvoe
2262 2230 2411 2275 Bar-

232 2332 350 2364 mus
376 2324 650 2377 vocantur,
687 2316 1015 2377 interjacent.
1083 2314 1254 2362 Bollii
1285 2313 1356 2360 ibi
1369 2313 1571 2375 famuli
1596 2316 1745 2376 operi
1765 2315 1968 2362 intenti.
2040 2319 2320 2365 Haldorus
2348 2333 2413 2363 ac

236 2404 629 2458 illiusoomites
654 2420 894 2468 campo-9,
942 2404 1025 2468 qvi
1047 2403 1401 2452 Ranarvellir
1434 2392 1709 2465 dicuntur,
1757 2413 2090 2454 transeuntes
2127 2408 2415 2470 Oxnagra-

235 2511 358 2544 vam
381 2494 749 2558 adeqvitavere
771 2509 940 2557 supra
966 2511 1028 2541 ea
1043 2502 1233 2557 prata,
1267 2508 1374 2556 qvae
1391 2492 1751 2558 Hamareingi
1774 2496 2050 2554 dicuntur,
2110 2498 2337 2561 tuguriis
2356 2514 2416 2546 ex

237 2585 492 2634 adversus
497 2592 772 2646 protensa.
842 2584 1068 2648 Exeqvis
1083 2583 1464 2640 descendentes,
1485 2583 1544 2631 id
1556 2593 1777 2648 tempus,
1799 2603 1895 2650 qvo
1905 2587 2138 2635 homines
2151 2605 2176 2634 e
2190 2588 2418 2651 tuguriis

238 2675 313 2722 ad
344 2689 507 2738 opera
546 2690 644 2719 sua
681 2674 1076 2736 egrederentur,
1117 2681 1422 2737 exspectare
1451 2675 1852 2723 constituerant.
1933 2678 2105 2725 Bollii
2135 2679 2420 2741 opilioejus

239 2765 344 2812 diei
374 2763 640 2811 matutino
672 2771 904 2825 tempore
935 2763 991 2811 in
1022 2767 1197 2810 monte
1226 2778 1426 2827 pecora
1457 2772 1691 2824 secutus,
1737 2767 1972 2814 homines
2012 2769 2067 2815 in
2101 2770 2257 2830 sylva
2292 2783 2419 2813 oon—
2466 2761 2469 2765 ’

240 2853 414 2917 spexit
441 2854 796 2916 revinctosqve
809 2869 972 2918 eqvos.
1043 2854 1162 2901 Hos
1186 2854 1385 2917 qvidem
1406 2853 1486 2898 ita
1512 2855 1714 2901 occulto
1735 2856 1922 2904 itinere
1944 2873 2253 2920 progressos
2280 2854 2421 2902 viros

240 2944 390 2992 haud
413 2943 612 2989 amicos
638 2943 942 3006 suspicatus
964 2941 1110 2990 rectci
1135 2945 1209 2990 ad
1235 2942 1452 3006 tuguria
1464 2958 1796 3007 progressus,
1831 2945 2013 2992 Bollio
2041 2946 2194 2992 istum
2222 2944 2421 3003 referre

240 3033 484 3080 nuntium
505 3033 566 3078 de
595 3032 864 3079 hominum
887 3033 1121 3081 adventu
1145 3033 1244 3080 sibi
1262 3042 1636 3097 proposuerat.
1714 3035 1996 3082 Haldorus
2017 3033 2283 3079 oculorum
2309 3034 2422 3082 acie

241 3122 554 3185 praecellens
574 3120 831 3167 hominem
854 3139 880 3167 e
904 3131 1076 3169 monte
1098 3125 1477 3181 decurrentem,
1510 3122 1752 3187 rectciqve
1786 3125 1860 3170 ad
1879 3121 2094 3184 tuguria
2132 3123 2422 3171 tendentem

249 3211 531 3274 conspexit.
613 3211 737 3257 Tum
776 3211 867 3259 ille
895 3213 1031 3261 dixit
1068 3213 1366 3270 comitibus,
1420 3214 1560 3261 hunc
1599 3229 1652 3261 se
1675 3210 1844 3258 Bollii
1882 3211 2165 3276 opilionem
2197 3214 2427 3276 opinari,

2056 3302 2158 3350 Hh
