2956 3854
1252 253 1371 307 151

229 421 284 468 in
305 420 514 477 balteo,
561 427 763 466 scutum
787 419 861 465 ad
891 419 1066 476 latus,
1104 431 1295 478 corpus
1329 417 1498 462 lorica
1528 418 1921 468 circumdatum.
1995 422 2207 485 Hrutus
2232 423 2393 470 dixit:

221 508 395 558 Aliud
424 507 557 555 milii
585 524 713 554 sane
726 508 912 570 potius
941 506 1200 568 agendum
1233 504 1495 565 existimo,
1546 523 1695 570 qvam
1714 509 2092 556 Kambsnesum
2108 510 2390 572 proficisci,

214 597 377 660 pedes
399 584 534 643 enim
542 597 665 659 jam
684 595 817 642 mihi
831 594 972 654 fiunt
989 594 1288 656 graviores,
1332 610 1508 642 verum
1539 603 1712 641 tamen
1734 595 1882 641 haud
1912 597 2128 658 patiar,
2169 607 2227 643 ut
2254 598 2388 644 bona

227 684 491 742 Thorleiki
513 684 828 746 rapiantur,
874 682 921 728 si
957 683 1032 728 ad
1062 682 1200 728 illud
1223 685 1559 730 avertendum
1594 684 1784 732 virium
1818 686 1952 730 satis
1977 686 2073 744 sit,
2128 688 2227 732 etsi
2262 704 2390 733 con-

219 750 595 834 sangvinitatis
622 787 773 817 amor
794 787 873 817 me
898 771 1034 817 inter
1064 778 1214 833 atqve
1243 771 1288 817 T
1284 771 1572 819 horleikum
1596 773 1746 819 haud
1770 774 1993 819 multum
2018 774 2213 836 quidem
2234 776 2386 823 valet.

215 855 520 922 Eldgrimus
551 859 715 906 dixit:
770 859 1033 922 Numqvid
1057 858 1188 905 milii
1212 876 1358 922 eqvos
1382 862 1612 907 adimere
1640 862 1694 907 in
1725 861 1901 908 animo
1926 861 2035 909 est?
2070 864 2277 909 Hrutus
2302 880 2388 910 re·-

163 929 168 931 Δ
214 947 457 1012 spondit:
499 927 782 996 Alios-'tibi
815 965 962 1011 equos
997 949 1096 994 etsi
1129 948 1277 994 haud
1305 949 1506 1010 qvidem
1544 951 1675 995 adeo
1697 950 2021 1011 praestantes
2045 952 2125 997 uti
2152 952 2241 996 isti
2264 959 2386 997 sunt

213 1037 311 1084 tibi
335 1037 568 1096 donabo,
604 1046 665 1083 ut-
687 1038 814 1083 istos
835 1053 984 1101 equos
1009 1037 1262 1082 remittas.
1332 1037 1639 1098 Eldgrimus
1672 1037 1836 1083 dixit:
1904 1038 2046 1084 Bene
2071 1021 2266 1101 quidem
2300 1041 2384 1085 lo-

212 1142 386 1190 quere,
421 1126 628 1172 Hrute!
668 1140 843 1174 verum
875 1133 1050 1170 tamen
1082 1141 1196 1170 cum
1216 1125 1338 1184 jam
1379 1125 1644 1171 Thorleiki
1670 1141 1817 1189 eqvos
1846 1122 2077 1188 adeptus¹
2099 1127 2222 1183 sim,
2262 1127 2383 1173 illos

210 1212 341 1275 mihi
379 1228 471 1258 nec
511 1214 890 1276 corrumpendo
924 1229 1015 1259 nec
1048 1214 1348 1259 minitando
1381 1213 1711 1286 extorqvebis.
1801 1215 1943 1260 Tunc
1980 1215 2115 1261 dixit
2144 1205 2383 1262 I·Irutus:

207 1299 329 1352 Jam
351 1299 548 1363 qvidem
572 1309 621 1348 te
650 1317 768 1349 reor
790 1301 943 1347 illam
969 1302 1316 1347 conditionem
1352 1303 1567 1366 eligere,
1631 1319 1739 1364 qvae
1775 1304 1976 1366 utriqve
2007 1313 2242 1350 nostrum
2276 1305 2380 1350 mi-

207 1403 307 1435 nus
331 1390 605 1436 conveniet.
666 1391 796 1437 Tum
815 1391 1122 1452 Eldgrimus
1147 1372 1408 1437 discedere
1429 1391 1559 1437 velle
1582 1408 1854 1453 eqvumqve
1875 1392 2053 1437 citare.
2122 1394 2232 1449 Qvo
2253 1409 2381 1438 con-

207 1485 383 1540 specto
393 1511 410 1533 ,
453 1478 664 1524 Hrutus
698 1479 911 1524 sublata
943 1479 1114 1525 securi
1149 1481 1281 1525 adeo
1309 1478 1642 1541 Eldgrimum
1680 1480 1815 1525 inter
1847 1481 2100 1541 scapulas
2125 1482 2286 1540 Jeriit
2321 1490 2381 1526 ut

204 1554 371 1628 rupta
395 1552 593 1628 quidem
618 1566 785 1615 loricci
800 1566 993 1614 securis
1004 1583 1108 1630 per
1113 1576 1302 1629 pectus
1325 1567 1551 1613 hominis
1573 1568 1750 1614 exiret.
1832 1568 1959 1614 Tum
1979 1569 2378 1630 Eldgrimusvab

190 1671 330 1718 -eqvo
365 1663 601 1700 mortuus
633 1656 839 1727 cecidit,
893 1671 984 1700 nec
1009 1655 1159 1722 ‘illud
1194 1656 1385 1700 mirum
1420 1655 1631 1716 qvidem.
1719 1656 1927 1701 Deinde
1952 1657 2163 1701 Iirutus
2189 1673 2378 1720 corpus

202 1742 430 1805 hominis
455 1741 647 1804 obtegit
655 1759 674 1802 ,-
703 1750 896 1804 postea
921 1743 1033 1788 loco
1050 1742 1440 1805 Eldgrimslzolt
1466 1741 1752 1804 (Eldgrimi
1774 1741 2069 1806 colliculus)
2095 1760 2280 1791 nomen
2287 1780 2304 1805 θ
2341 1763 2375 1792 a

200 1829 540 1882 meridionali
563 1829 877 1877 Kambsnesi
896 1838 1077 1891 parte.
1129 1808 1261 1878 Μοκ
1283 1831 1497 1876 Hrutus
1516 1830 1894 1878 Kambsnesum
1917 1850 2036 1896 eqvo
2067 1843 2254 1893 vectus,
2293 1835 2376 1881 illi

199 1919 484 1989 qvaefacta
507 1927 677 1965 essent
694 1918 1013 1966 memoravit.
1058 1919 1367 1967 Thorleikus
1388 1927 1563 1965 autem
1585 1919 1668 1964 ira
1685 1918 2061 1982 effervescebat,
2087 1940 2172 1968 ma
2172 1940 2374 1987 gnaqve

201 2006 306 2055 hac
319 2023 374 2054 re
387 2024 439 2054 se
451 1996 739 2068 ignominia
753 2005 999 2069 affectum
1012 2006 1241 2053 rebatur.
1261 2006 1474 2053 Hrutus
1488 2024 1540 2052 se
1555 2024 1803 2069 magnum
1818 2010 1904 2054 illi
1922 2011 2210 2057 exhibuisse
2234 2013 2375 2057 ami-

167 2128 170 2132 ι
201 2095 345 2142 citioe
369 2095 725 2160 documentum
761 2095 997 2140 credidit.
1076 2094 1381 2140 Thorleikus
1417 2103 1687 2157 utrumqve
1718 2104 1913 2142 certum
1947 2114 2052 2144 esse
2091 2101 2371 2159 contendit,

202 2181 259 2231 δε
280 2184 412 2246 qvod
439 2183 531 2229 ille
563 2183 711 2229 mala
732 2183 906 2242 fuerit
939 2183 1224 2235 meditatus
1249 2178 1300 2228 &
1323 2183 1458 2244 qvod
1481 2183 1565 2228 illi
1586 2184 1735 2230 lzaud
1755 2184 2098 2246 bonafutura
2119 2198 2253 2235 esset
2282 2206 2372 2235 re-

201 2272 512 2321 muneratio.
578 2270 794 2324 Hrutus
829 2271 981 2316 illam
1012 2270 1065 2316 in
1101 2270 1211 2332 ejus
1238 2277 1507 2331 potestate
1521 2271 1775 2331 futuram
1807 2274 2159 2336 confirmavit,
2215 2279 2369 2324 nulla

199 2377 316 2414 cum
351 2358 591 2424 amicitia
622 2358 797 2423 itaque
831 2356 1179 2403 discedebant.
1265 2358 1480 2404 Hrutus
1518 2369 1637 2439 erat
1675 2363 1942 2425 octoginta
1983 2380 2153 2410 annos
2194 2375 2368 2423 natus,

199 2438 315 2498 cum
334 2447 665 2523 Eldgrimum
690 2446 983 2507 occidisset5
1030 2447 1347 2511 multumqve
1370 2448 1473 2493 hac
1496 2465 1552 2495 re
1565 2458 1716 2511 gesta
1744 2451 1892 2496 illius
1921 2453 2155 2498 adaucta
2174 2454 2368 2515 gloria.

205 2536 478 2584 Thorleiko
512 2537 661 2583 haud
687 2536 853 2585 visum
889 2543 1039 2580 tanto
1073 2535 1259 2580 melius
1286 2536 1458 2582 Hruti
1492 2539 1756 2598 meritum,
1811 2550 2007 2603 qvanto
2038 2542 2122 2587 illi
2148 2542 2207 2588 ob
2231 2538 2370 2589 lianc

201 2641 307 2672 rem
318 2612 528 2688 ‘gestam
548 2626 718 2687 major
739 2623 1002 2675 attributa
1022 2624 1142 2684 fuit
1169 2624 1319 2682 laus;
1358 2625 1415 2670 id
1437 2625 1536 2671 sibi
1555 2628 1690 2673 satis
1712 2638 2031 2691 compertum
2053 2606 2369 2686 autumavit,

199 2712 331 2777 qvod
349 2713 680 2776 Eldgrimum
707 2714 818 2776 ipse
840 2721 1166 2775 superasset,
1199 2729 1313 2758 cum
1339 2721 1448 2758 tam
1473 2714 1663 2776 exigua
1690 2717 1742 2763 vi
1766 2726 1899 2762 esset
1920 2712 2151 2776 stratus,
2186 2720 2231 2763 si
2254 2735 2368 2764 cum

116 2843 118 2846 .
199 2802 296 2849 illo
317 2802 509 2852 virium
515 2803 735 2863 fecisset
756 2803 1063 2864 periculum.
1120 2802 1326 2848 Deinde
1360 2802 1665 2850 Thorleikus
1690 2806 1901 2851 clientes
1929 2822 2049 2852 suos
2068 2806 2366 2853 Kotkellum

194 2899 357 2954 >atqve
391 2891 630 2938 Grimam
662 2892 922 2950 convenit,
987 2907 1167 2954 eosqve
1199 2890 1437 2952 rogavit,
1500 2899 1560 2936 ut
1591 2893 1826 2956 aliqvam
1847 2909 1951 2940 rem
1974 2902 2366 2956 perpetrarent,

202 2995 316 3045 qvq?
333 2980 511 3027 Hruto
537 2981 835 3044 ignominiae
845 2981 1011 3041 foret.
1059 2980 1199 3027 Laeti
1225 2980 1307 3025 illi
1331 2996 1383 3024 se
1411 2979 1488 3024 ita
1502 2979 1688 3039 facere
1708 2989 1942 3042 paratos
1959 2982 2362 3043 profitebantur.

209 3068 513 3114 Thorleikus
534 3069 653 3130 jam
683 3071 888 3116 domum
924 3070 1094 3115 rediit.
1178 3070 1278 3114 Sed
1300 3068 1493 3129 paullo
1507 3077 1636 3140 post
1657 3070 1932 3115 Kotkellus
1955 3067 2005 3116 8<
2036 3071 2221 3116 Grima
2250 3086 2363 3117 cum

190 3155 328 3219 filiis
353 3158 502 3203 domo
524 3157 778 3219 profecti,
817 3167 969 3204 noctu
995 3159 1068 3203 ad
1090 3157 1259 3204 Hruti
1289 3159 1470 3206 villam
1487 3173 1798 3219 pervener&
1838 3156 1907 3203 ibi
1929 3159 2099 3204 multa
2120 3159 2361 3220 veneficia
